time,ask,bid,ask_volume,bid_volume
2016-05-15 21:00:13.361000,1.13139,1.13100,750000,750000
2016-05-15 21:00:13.411000,1.13190,1.13100,1500000,1500000
2016-05-15 21:00:15.463000,1.13149,1.13100,750000,750000
2016-05-15 21:00:16.004000,1.13150,1.13100,1500000,1500000
2016-05-15 21:00:34.943000,1.13145,1.13101,750000,750000
2016-05-15 21:01:06.272000,1.13144,1.13101,750000,750000
2016-05-15 21:03:26.152000,1.13145,1.13101,750000,2250000
2016-05-15 21:03:33.006000,1.13143,1.13101,750000,1500000
2016-05-15 21:03:35.816000,1.13143,1.13099,750000,2250000
2016-05-15 21:04:07.167000,1.13143,1.13109,1190000,190000
2016-05-15 21:04:24.894000,1.13143,1.13099,1250000,2440000
2016-05-15 21:04:37.852000,1.13143,1.13109,1190000,190000
2016-05-15 21:04:47.821000,1.13140,1.13109,1000000,190000
2016-05-15 21:05:06.461000,1.13139,1.13109,1000000,190000
2016-05-15 21:05:09.453000,1.13141,1.13109,1000000,190000
2016-05-15 21:05:13.434000,1.13142,1.13101,1190000,1190000
2016-05-15 21:05:13.535000,1.13143,1.13109,2440000,190000
2016-05-15 21:05:57.773000,1.13140,1.13103,1000000,1190000
2016-05-15 21:06:05.826000,1.13140,1.13103,1000000,1190000
2016-05-15 21:06:06.982000,1.13139,1.13103,1000000,1190000
2016-05-15 21:06:51.984000,1.13139,1.13103,1000000,1190000
2016-05-15 21:06:54.728000,1.13142,1.13103,1690000,1190000
2016-05-15 21:07:04.113000,1.13142,1.13103,1190000,1190000
2016-05-15 21:07:21.799000,1.13141,1.13097,1190000,1690000
2016-05-15 21:07:23.449000,1.13141,1.13097,1690000,1690000
2016-05-15 21:07:43.360000,1.13141,1.13097,2440000,1690000
2016-05-15 21:08:37.828000,1.13141,1.13097,2440000,1690000
2016-05-15 21:08:40.798000,1.13141,1.13097,2440000,1690000
2016-05-15 21:08:50.148000,1.13141,1.13107,2440000,190000
2016-05-15 21:09:27.321000,1.13137,1.13098,1000000,1190000
2016-05-15 21:09:27.624000,1.13132,1.13097,1500000,1190000
2016-05-15 21:09:45.807000,1.13132,1.13097,1500000,1190000
2016-05-15 21:09:46.157000,1.13123,1.13099,1000000,1190000
2016-05-15 21:09:46.539000,1.13119,1.13097,1000000,1190000
2016-05-15 21:09:46.989000,1.13117,1.13097,1500000,1190000
2016-05-15 21:09:52.848000,1.13117,1.13097,1500000,1190000
2016-05-15 21:09:55.803000,1.13116,1.13097,1500000,1190000
2016-05-15 21:10:02.001000,1.13115,1.13097,1500000,1190000
2016-05-15 21:10:02.877000,1.13115,1.13099,1500000,1190000
2016-05-15 21:10:03.231000,1.13115,1.13098,1500000,3190000
2016-05-15 21:10:04.079000,1.13114,1.13098,1000000,3190000
2016-05-15 21:10:04.181000,1.13112,1.13097,1000000,3940000
2016-05-15 21:10:04.484000,1.13110,1.13098,1000000,2440000
2016-05-15 21:10:06.193000,1.13110,1.13098,1500000,2440000
2016-05-15 21:10:06.295000,1.13110,1.13098,1500000,2440000
2016-05-15 21:10:16.991000,1.13105,1.13098,1000000,2440000
2016-05-15 21:10:17.330000,1.13101,1.13098,1500000,2440000
2016-05-15 21:10:33.548000,1.13103,1.13098,1500000,3190000
2016-05-15 21:10:34.378000,1.13103,1.13098,1500000,2440000
2016-05-15 21:10:55.842000,1.13104,1.13098,1500000,3190000
2016-05-15 21:11:00.975000,1.13104,1.13098,1690000,2250000
2016-05-15 21:11:01.026000,1.13097,1.13092,1000000,1000000
2016-05-15 21:11:01.077000,1.13097,1.13085,1000000,1000000
2016-05-15 21:11:01.134000,1.13098,1.13077,1000000,1190000
2016-05-15 21:11:01.184000,1.13078,1.13067,1000000,1940000
2016-05-15 21:11:01.488000,1.13073,1.13061,750000,1190000
2016-05-15 21:11:01.640000,1.13074,1.13061,1000000,1310000
2016-05-15 21:11:02.346000,1.13073,1.13061,1000000,1310000
2016-05-15 21:11:03.601000,1.13072,1.13061,1000000,1310000
2016-05-15 21:11:03.905000,1.13074,1.13071,1500000,190000
2016-05-15 21:11:15.853000,1.13072,1.13061,1500000,1310000
2016-05-15 21:11:20.521000,1.13071,1.13061,1500000,1310000
2016-05-15 21:11:23.886000,1.13070,1.13061,1500000,1190000
2016-05-15 21:11:24.189000,1.13072,1.13061,1000000,1310000
2016-05-15 21:11:24.517000,1.13071,1.13061,1500000,1310000
2016-05-15 21:11:26.170000,1.13078,1.13061,1500000,1190000
2016-05-15 21:11:26.221000,1.13073,1.13061,1500000,1190000
2016-05-15 21:11:26.522000,1.13071,1.13061,1500000,1310000
2016-05-15 21:11:32.869000,1.13073,1.13061,1000000,1310000
2016-05-15 21:11:32.921000,1.13078,1.13061,1500000,1310000
2016-05-15 21:11:32.972000,1.13080,1.13061,1000000,1310000
2016-05-15 21:11:33.083000,1.13081,1.13063,2170000,1690000
2016-05-15 21:11:33.585000,1.13077,1.13061,1000000,1190000
2016-05-15 21:11:33.712000,1.13077,1.13061,1000000,2060000
2016-05-15 21:11:34.217000,1.13081,1.13061,2170000,1310000
2016-05-15 21:11:36.712000,1.13081,1.13061,2020000,1310000
2016-05-15 21:11:46.820000,1.13081,1.13061,1950000,1310000
2016-05-15 21:11:57.346000,1.13082,1.13061,1520000,1310000
2016-05-15 21:12:03.896000,1.13082,1.13060,1770000,3940000
2016-05-15 21:12:07.721000,1.13078,1.13060,1270000,3190000
2016-05-15 21:12:18.358000,1.13082,1.13060,1620000,3190000
2016-05-15 21:12:28.853000,1.13082,1.13060,1920000,2440000
2016-05-15 21:12:33.862000,1.13080,1.13061,1670000,1190000
2016-05-15 21:12:37.022000,1.13077,1.13058,1420000,2440000
2016-05-15 21:12:37.174000,1.13076,1.13056,1370000,1190000
2016-05-15 21:12:37.478000,1.13073,1.13054,1200000,1190000
2016-05-15 21:12:47.465000,1.13073,1.13054,1200000,1190000
2016-05-15 21:12:47.971000,1.13074,1.13055,1500000,1190000
2016-05-15 21:12:52.877000,1.13073,1.13054,1000000,1000000
2016-05-15 21:12:53.388000,1.13073,1.13054,1190000,1000000
2016-05-15 21:13:00.554000,1.13073,1.13054,1000000,1000000
2016-05-15 21:13:29.025000,1.13074,1.13053,1500000,1000000
2016-05-15 21:13:57.558000,1.13073,1.13054,1000000,1000000
2016-05-15 21:14:17.768000,1.13069,1.13054,1000000,1000000
2016-05-15 21:14:17.818000,1.13069,1.13052,1000000,1000000
2016-05-15 21:14:17.970000,1.13063,1.13052,1000000,1000000
2016-05-15 21:14:21.150000,1.13063,1.13050,1500000,1190000
2016-05-15 21:14:21.761000,1.13063,1.13050,1500000,1000000
2016-05-15 21:14:25.888000,1.13063,1.13049,1500000,1000000
2016-05-15 21:14:26.419000,1.13063,1.13048,1500000,1500000
2016-05-15 21:14:32.753000,1.13063,1.13049,1500000,1190000
2016-05-15 21:14:33.108000,1.13063,1.13049,1500000,2250000
2016-05-15 21:14:35.809000,1.13062,1.13049,1500000,2250000
2016-05-15 21:14:54.578000,1.13062,1.13049,1690000,1500000
2016-05-15 21:14:57.064000,1.13060,1.13049,2250000,1690000
2016-05-15 21:15:05.861000,1.13060,1.13049,1500000,1000000
2016-05-15 21:15:08.275000,1.13060,1.13048,1500000,1500000
2016-05-15 21:15:15.786000,1.13061,1.13048,1500000,2250000
2016-05-15 21:15:23.811000,1.13061,1.13048,1500000,2440000
2016-05-15 21:15:24.471000,1.13061,1.13049,1500000,1500000
2016-05-15 21:15:27.949000,1.13061,1.13049,1500000,1690000
2016-05-15 21:15:29.311000,1.13061,1.13049,1500000,1690000
2016-05-15 21:15:35.724000,1.13060,1.13049,1000000,1690000
2016-05-15 21:15:54.009000,1.13062,1.13049,1570000,1690000
2016-05-15 21:15:55.820000,1.13063,1.13049,3070000,1690000
2016-05-15 21:15:57.011000,1.13063,1.13049,1870000,1690000
2016-05-15 21:15:57.872000,1.13060,1.13049,1570000,1690000
2016-05-15 21:16:07.853000,1.13060,1.13049,1570000,1690000
2016-05-15 21:16:32.453000,1.13060,1.13049,1570000,1500000
2016-05-15 21:16:32.560000,1.13060,1.13049,1570000,1690000
2016-05-15 21:16:35.991000,1.13060,1.13049,1570000,1500000
2016-05-15 21:16:37.539000,1.13060,1.13049,1570000,1690000
2016-05-15 21:17:25.829000,1.13062,1.13049,1870000,1190000
2016-05-15 21:17:36.911000,1.13060,1.13049,1570000,1190000
2016-05-15 21:17:37.215000,1.13060,1.13049,1870000,1190000
2016-05-15 21:17:37.368000,1.13057,1.13048,1070000,750000
2016-05-15 21:17:37.419000,1.13056,1.13046,1500000,750000
2016-05-15 21:17:37.740000,1.13053,1.13044,1370000,750000
2016-05-15 21:17:43.590000,1.13053,1.13036,1370000,1000000
2016-05-15 21:17:49.969000,1.13053,1.13036,1120000,1000000
2016-05-15 21:17:50.171000,1.13057,1.13046,2000000,750000
2016-05-15 21:17:52.491000,1.13057,1.13047,1320000,750000
2016-05-15 21:18:05.266000,1.13061,1.13049,3190000,750000
2016-05-15 21:18:34.589000,1.13060,1.13044,1120000,1000000
2016-05-15 21:18:34.690000,1.13055,1.13034,1000000,1000000
2016-05-15 21:18:34.741000,1.13052,1.13031,1000000,2440000
2016-05-15 21:18:45.669000,1.13052,1.13030,1000000,1250000
2016-05-15 21:18:51.113000,1.13051,1.13029,1000000,1000000
2016-05-15 21:19:06.375000,1.13051,1.13028,2250000,1000000
2016-05-15 21:19:23.678000,1.13050,1.13028,1000000,1000000
2016-05-15 21:19:24.316000,1.13049,1.13028,1500000,1000000
2016-05-15 21:19:25.267000,1.13049,1.13025,2250000,1000000
2016-05-15 21:19:35.849000,1.13048,1.13025,1000000,1000000
2016-05-15 21:19:46.266000,1.13048,1.13027,1000000,1000000
2016-05-15 21:19:46.468000,1.13051,1.13027,1000000,1000000
2016-05-15 21:19:46.519000,1.13051,1.13029,1000000,1000000
2016-05-15 21:19:46.630000,1.13057,1.13033,1500000,1000000
2016-05-15 21:19:46.732000,1.13060,1.13034,1500000,1000000
2016-05-15 21:19:46.835000,1.13062,1.13035,1500000,1000000
2016-05-15 21:19:46.886000,1.13062,1.13037,1000000,1000000
2016-05-15 21:19:46.938000,1.13066,1.13037,1500000,1000000
2016-05-15 21:19:47.090000,1.13070,1.13037,1000000,1000000
2016-05-15 21:19:47.192000,1.13072,1.13037,1500000,1000000
2016-05-15 21:19:47.293000,1.13072,1.13040,1000000,1000000
2016-05-15 21:19:47.344000,1.13077,1.13042,1500000,1000000
2016-05-15 21:19:47.469000,1.13086,1.13046,1000000,1000000
2016-05-15 21:19:47.571000,1.13092,1.13046,1500000,1000000
2016-05-15 21:19:47.673000,1.13097,1.13045,1000000,1500000
2016-05-15 21:19:53.425000,1.13095,1.13045,1000000,1500000
2016-05-15 21:19:53.728000,1.13100,1.13056,1000000,1000000
2016-05-15 21:20:00.898000,1.13102,1.13055,1000000,1000000
2016-05-15 21:20:05.690000,1.13102,1.13056,1000000,1000000
2016-05-15 21:20:05.922000,1.13104,1.13057,3000000,1500000
2016-05-15 21:20:12.611000,1.13105,1.13059,2250000,1500000
2016-05-15 21:20:13.302000,1.13106,1.13059,1000000,1500000
2016-05-15 21:20:18.851000,1.13106,1.13058,1000000,1500000
2016-05-15 21:20:22.360000,1.13106,1.13059,1000000,1500000
2016-05-15 21:20:26.075000,1.13105,1.13059,1000000,1500000
2016-05-15 21:20:26.626000,1.13105,1.13058,1000000,1500000
2016-05-15 21:20:27.882000,1.13105,1.13057,1000000,1500000
2016-05-15 21:20:29.221000,1.13105,1.13058,1000000,1500000
2016-05-15 21:20:30.722000,1.13105,1.13060,1000000,1000000
2016-05-15 21:20:31.026000,1.13106,1.13063,1000000,1500000
2016-05-15 21:20:36.474000,1.13106,1.13062,1000000,1500000
2016-05-15 21:20:37.039000,1.13107,1.13062,1000000,1500000
2016-05-15 21:20:38.587000,1.13107,1.13063,1000000,1500000
2016-05-15 21:20:46.897000,1.13107,1.13062,1000000,1500000
2016-05-15 21:20:49.798000,1.13107,1.13061,1000000,2250000
2016-05-15 21:20:50.916000,1.13107,1.13062,1000000,1500000
2016-05-15 21:20:58.926000,1.13107,1.13061,1000000,2250000
2016-05-15 21:21:00.125000,1.13107,1.13062,1000000,1500000
2016-05-15 21:21:20.024000,1.13107,1.13063,1000000,1500000
2016-05-15 21:21:22.428000,1.13107,1.13062,1000000,3750000
2016-05-15 21:21:23.052000,1.13107,1.13063,1000000,1000000
2016-05-15 21:21:26.076000,1.13109,1.13065,3000000,1500000
2016-05-15 21:21:49.865000,1.13110,1.13065,5250000,3750000
2016-05-15 21:21:55.874000,1.13110,1.13066,1000000,1500000
2016-05-15 21:22:04.179000,1.13110,1.13065,1000000,3750000
2016-05-15 21:22:06.158000,1.13110,1.13066,1000000,1500000
2016-05-15 21:22:19.573000,1.13111,1.13065,1000000,3000000
2016-05-15 21:22:20.124000,1.13111,1.13066,1000000,1500000
2016-05-15 21:22:22.617000,1.13111,1.13065,1000000,3000000
2016-05-15 21:22:23.619000,1.13111,1.13066,1000000,1500000
2016-05-15 21:22:30.210000,1.13111,1.13065,1000000,3000000
2016-05-15 21:22:32.134000,1.13111,1.13066,1000000,1500000
2016-05-15 21:22:46.138000,1.13112,1.13070,2250000,3000000
2016-05-15 21:22:46.239000,1.13114,1.13071,1000000,1500000
2016-05-15 21:22:48.514000,1.13114,1.13070,1000000,6000000
2016-05-15 21:22:49.516000,1.13114,1.13071,1000000,1500000
2016-05-15 21:22:50.117000,1.13114,1.13070,1000000,6000000
2016-05-15 21:22:51.591000,1.13115,1.13070,1000000,6000000
2016-05-15 21:22:52.340000,1.13115,1.13071,1000000,1500000
2016-05-15 21:22:56.752000,1.13115,1.13072,1000000,1000000
2016-05-15 21:23:01.834000,1.13115,1.13073,1000000,1500000
2016-05-15 21:23:01.885000,1.13117,1.13073,1000000,1500000
2016-05-15 21:23:07.894000,1.13118,1.13073,1000000,1500000
2016-05-15 21:23:11.552000,1.13118,1.13072,1000000,3000000
2016-05-15 21:23:12.857000,1.13118,1.13073,1000000,1500000
2016-05-15 21:23:13.466000,1.13118,1.13072,1000000,3000000
2016-05-15 21:23:14.099000,1.13118,1.13073,1000000,1500000
2016-05-15 21:23:16.909000,1.13118,1.13072,1000000,3000000
2016-05-15 21:23:18.611000,1.13118,1.13073,1000000,1500000
2016-05-15 21:23:30.936000,1.13119,1.13073,1000000,1500000
2016-05-15 21:23:30.987000,1.13119,1.13077,1000000,1000000
2016-05-15 21:26:03.329000,1.13123,1.13077,2440000,1500000
2016-05-15 21:26:07.332000,1.13120,1.13077,1000000,2250000
2016-05-15 21:26:46.561000,1.13119,1.13077,1000000,2250000
2016-05-15 21:26:46.873000,1.13119,1.13080,1000000,3750000
2016-05-15 21:27:02.501000,1.13119,1.13078,1000000,1000000
2016-05-15 21:27:03.004000,1.13119,1.13077,1000000,1500000
2016-05-15 21:27:13.955000,1.13119,1.13080,1000000,1500000
2016-05-15 21:27:20.723000,1.13120,1.13080,1000000,3000000
2016-05-15 21:27:56.167000,1.13120,1.13083,1000000,1000000
2016-05-15 21:28:15.733000,1.13120,1.13085,1000000,1000000
2016-05-15 21:28:39.267000,1.13126,1.13085,1000000,1500000
2016-05-15 21:28:47.293000,1.13120,1.13085,1000000,3000000
2016-05-15 21:28:55.850000,1.13120,1.13086,1000000,1000000
2016-05-15 21:29:06.175000,1.13120,1.13089,1000000,1000000
2016-05-15 21:29:06.709000,1.13120,1.13090,1000000,1000000
2016-05-15 21:29:14.965000,1.13120,1.13093,750000,1500000
2016-05-15 21:29:15.754000,1.13120,1.13092,1000000,1500000
2016-05-15 21:29:35.810000,1.13120,1.13091,1000000,1500000
2016-05-15 21:29:39.324000,1.13130,1.13091,1500000,1500000
2016-05-15 21:29:39.477000,1.13130,1.13096,1500000,1000000
2016-05-15 21:29:39.528000,1.13135,1.13096,1500000,1000000
2016-05-15 21:29:39.579000,1.13135,1.13102,1000000,1000000
2016-05-15 21:29:39.630000,1.13140,1.13102,1500000,1000000
2016-05-15 21:29:39.732000,1.13148,1.13102,1500000,1000000
2016-05-15 21:29:39.783000,1.13150,1.13103,1000000,1500000
2016-05-15 21:29:39.834000,1.13153,1.13103,1000000,1500000
2016-05-15 21:29:40.045000,1.13154,1.13108,1500000,1000000
2016-05-15 21:29:45.279000,1.13158,1.13108,1000000,1000000
2016-05-15 21:29:50.523000,1.13158,1.13109,1000000,1000000
2016-05-15 21:29:51.324000,1.13157,1.13109,1000000,2250000
2016-05-15 21:29:55.873000,1.13157,1.13112,1000000,1000000
2016-05-15 21:29:56.177000,1.13143,1.13106,1000000,1000000
2016-05-15 21:29:57.832000,1.13144,1.13106,1000000,1000000
2016-05-15 21:29:59.537000,1.13145,1.13106,1000000,1000000
2016-05-15 21:30:00.139000,1.13145,1.13106,1190000,1500000
2016-05-15 21:30:01.240000,1.13143,1.13106,1000000,1500000
2016-05-15 21:30:02.042000,1.13144,1.13106,1250000,1500000
2016-05-15 21:30:11.220000,1.13149,1.13106,2510000,1500000
2016-05-15 21:30:11.373000,1.13151,1.13107,1500000,1000000
2016-05-15 21:30:11.424000,1.13151,1.13112,1500000,1000000
2016-05-15 21:30:11.576000,1.13161,1.13112,3000000,1000000
2016-05-15 21:30:12.037000,1.13155,1.13109,1000000,3000000
2016-05-15 21:30:15.862000,1.13155,1.13110,1000000,1000000
2016-05-15 21:30:40.591000,1.13156,1.13110,1000000,1500000
2016-05-15 21:31:07.646000,1.13157,1.13110,1000000,1500000
2016-05-15 21:31:07.947000,1.13157,1.13113,1000000,1500000
2016-05-15 21:31:09.304000,1.13157,1.13110,1000000,1500000
2016-05-15 21:31:14.858000,1.13156,1.13110,1000000,1500000
2016-05-15 21:31:55.074000,1.13156,1.13111,1000000,1000000
2016-05-15 21:31:55.178000,1.13156,1.13114,1000000,1500000
2016-05-15 21:31:57.365000,1.13158,1.13114,1000000,1500000
2016-05-15 21:32:07.824000,1.13155,1.13114,1500000,1500000
2016-05-15 21:32:08.232000,1.13155,1.13114,1370000,1500000
2016-05-15 21:32:08.283000,1.13152,1.13109,1070000,2250000
2016-05-15 21:32:15.811000,1.13152,1.13110,1070000,1500000
2016-05-15 21:32:18.509000,1.13152,1.13110,1000000,1500000
2016-05-15 21:32:24.817000,1.13154,1.13110,1000000,1500000
2016-05-15 21:32:24.868000,1.13145,1.13110,1000000,1500000
2016-05-15 21:32:25.070000,1.13145,1.13106,1250000,1500000
2016-05-15 21:32:35.868000,1.13145,1.13105,1250000,3000000
2016-05-15 21:33:12.625000,1.13147,1.13106,1690000,1000000
2016-05-15 21:33:12.676000,1.13147,1.13106,1500000,2250000
2016-05-15 21:33:12.777000,1.13147,1.13108,1000000,1000000
2016-05-15 21:33:15.631000,1.13150,1.13108,1250000,1500000
2016-05-15 21:33:17.338000,1.13150,1.13103,1000000,1500000
2016-05-15 21:33:21.106000,1.13148,1.13103,1000000,1500000
2016-05-15 21:34:07.774000,1.13147,1.13103,1000000,1500000
2016-05-15 21:34:35.756000,1.13147,1.13104,1000000,1500000
2016-05-15 21:34:36.264000,1.13148,1.13104,1000000,1500000
2016-05-15 21:35:12.365000,1.13147,1.13104,1000000,1500000
2016-05-15 21:35:35.717000,1.13147,1.13103,1000000,2250000
2016-05-15 21:35:36.331000,1.13147,1.13104,1000000,1000000
2016-05-15 21:36:39.369000,1.13148,1.13104,1000000,1500000
2016-05-15 21:36:51.956000,1.13147,1.13104,1000000,1500000
2016-05-15 21:36:52.107000,1.13147,1.13100,1000000,1500000
2016-05-15 21:36:58.271000,1.13146,1.13100,1000000,1500000
2016-05-15 21:37:15.261000,1.13148,1.13103,2250000,1000000
2016-05-15 21:37:15.363000,1.13151,1.13103,1000000,1000000
2016-05-15 21:37:19.354000,1.13151,1.13103,1190000,1000000
2016-05-15 21:37:19.900000,1.13151,1.13104,1290000,1500000
2016-05-15 21:37:29.080000,1.13151,1.13104,1570000,1500000
2016-05-15 21:37:39.671000,1.13153,1.13104,1070000,1500000
2016-05-15 21:37:48.301000,1.13153,1.13100,1070000,2250000
2016-05-15 21:37:48.454000,1.13147,1.13100,1000000,3000000
2016-05-15 21:37:48.556000,1.13147,1.13096,2320000,4500000
2016-05-15 21:38:56.176000,1.13144,1.13096,1000000,2250000
2016-05-15 21:38:56.227000,1.13142,1.13096,1190000,1500000
2016-05-15 21:38:56.457000,1.13142,1.13092,2810000,1500000
2016-05-15 21:39:44.945000,1.13140,1.13092,1000000,3000000
2016-05-15 21:39:46.131000,1.13141,1.13092,3000000,3000000
2016-05-15 21:39:50.436000,1.13143,1.13092,1000000,4500000
2016-05-15 21:39:58.032000,1.13143,1.13092,1070000,3750000
2016-05-15 21:39:58.578000,1.13140,1.13092,1620000,3750000
2016-05-15 21:40:02.890000,1.13139,1.13092,1310000,3000000
2016-05-15 21:40:03.094000,1.13139,1.13091,1870000,1000000
2016-05-15 21:40:03.637000,1.13140,1.13092,1620000,2250000
2016-05-15 21:40:06.023000,1.13140,1.13093,1620000,1000000
2016-05-15 21:40:10.119000,1.13141,1.13093,1500000,2250000
2016-05-15 21:40:10.271000,1.13145,1.13094,1500000,1500000
2016-05-15 21:40:10.372000,1.13146,1.13096,1070000,1500000
2016-05-15 21:40:16.323000,1.13142,1.13096,1190000,1500000
2016-05-15 21:40:16.626000,1.13142,1.13094,1310000,2250000
2016-05-15 21:40:19.256000,1.13146,1.13095,1000000,1500000
2016-05-15 21:40:19.307000,1.13148,1.13095,3750000,3750000
2016-05-15 21:40:19.459000,1.13148,1.13096,1070000,1500000
2016-05-15 21:40:23.357000,1.13139,1.13096,1190000,1500000
2016-05-15 21:40:23.681000,1.13139,1.13095,1560000,10500000
2016-05-15 21:40:25.503000,1.13139,1.13095,1940000,1500000
2016-05-15 21:40:25.605000,1.13138,1.13093,2440000,1500000
2016-05-15 21:40:36.079000,1.13135,1.13093,1760000,1000000
2016-05-15 21:40:38.611000,1.13135,1.13091,1760000,1000000
2016-05-15 21:40:38.667000,1.13135,1.13089,1070000,1000000
2016-05-15 21:40:38.717000,1.13135,1.13089,1370000,1000000
2016-05-15 21:40:38.819000,1.13135,1.13085,4870000,1500000
2016-05-15 21:40:48.757000,1.13137,1.13084,2250000,1000000
2016-05-15 21:40:50.252000,1.13136,1.13084,1500000,1000000
2016-05-15 21:40:50.303000,1.13133,1.13084,1000000,1000000
2016-05-15 21:40:50.658000,1.13136,1.13084,3000000,1000000
2016-05-15 21:40:51.400000,1.13136,1.13083,3750000,1500000
2016-05-15 21:40:51.914000,1.13136,1.13082,4870000,2250000
2016-05-15 21:40:54.426000,1.13130,1.13075,4570000,3750000
2016-05-15 21:40:54.650000,1.13130,1.13075,4870000,3750000
2016-05-15 21:40:55.673000,1.13124,1.13070,2320000,3750000
2016-05-15 21:41:00.779000,1.13123,1.13069,2320000,1000000
2016-05-15 21:41:06.035000,1.13123,1.13068,2320000,2250000
2016-05-15 21:41:11.165000,1.13121,1.13066,1500000,1500000
2016-05-15 21:41:12.355000,1.13122,1.13065,2320000,3750000
2016-05-15 21:41:13.138000,1.13121,1.13066,1500000,1500000
2016-05-15 21:41:14.309000,1.13114,1.13066,1000000,1500000
2016-05-15 21:41:14.499000,1.13114,1.13063,1000000,1500000
2016-05-15 21:41:15.799000,1.13114,1.13062,1000000,1000000
2016-05-15 21:41:16.352000,1.13114,1.13061,1000000,1000000
2016-05-15 21:41:17.603000,1.13114,1.13062,1000000,1000000
2016-05-15 21:41:17.886000,1.13114,1.13060,1000000,4500000
2016-05-15 21:41:18.927000,1.13108,1.13060,1000000,3000000
2016-05-15 21:41:19.230000,1.13108,1.13057,1370000,1500000
2016-05-15 21:41:19.585000,1.13103,1.13053,1100000,1500000
2016-05-15 21:41:24.689000,1.13101,1.13053,1000000,1500000
2016-05-15 21:41:27.821000,1.13101,1.13054,1000000,1000000
2016-05-15 21:41:30.020000,1.13102,1.13053,1000000,3750000
2016-05-15 21:41:30.530000,1.13102,1.13054,3000000,1000000
2016-05-15 21:41:34.579000,1.13102,1.13056,1000000,1000000
2016-05-15 21:41:35.075000,1.13104,1.13056,2250000,1500000
2016-05-15 21:41:35.822000,1.13104,1.13055,2250000,1500000
2016-05-15 21:41:39.898000,1.13104,1.13056,1000000,2250000
2016-05-15 21:41:40.052000,1.13104,1.13059,1000000,1000000
2016-05-15 21:41:40.263000,1.13106,1.13059,2250000,1500000
2016-05-15 21:41:44.290000,1.13106,1.13060,2250000,1000000
2016-05-15 21:41:44.831000,1.13106,1.13061,2250000,2250000
2016-05-15 21:41:48.635000,1.13108,1.13061,1000000,1500000
2016-05-15 21:41:52.566000,1.13109,1.13061,1000000,1500000
2016-05-15 21:42:00.132000,1.13086,1.13061,1000000,1500000
2016-05-15 21:42:00.436000,1.13075,1.13053,1000000,2250000
2016-05-15 21:42:00.647000,1.13073,1.13049,1000000,1500000
2016-05-15 21:42:01.002000,1.13078,1.13052,1000000,1000000
2016-05-15 21:42:01.053000,1.13082,1.13052,1500000,1500000
2016-05-15 21:42:01.155000,1.13087,1.13052,1000000,1000000
2016-05-15 21:42:01.206000,1.13093,1.13052,1000000,1500000
2016-05-15 21:42:01.459000,1.13093,1.13054,1000000,1000000
2016-05-15 21:42:01.997000,1.13093,1.13055,1000000,1000000
2016-05-15 21:42:06.767000,1.13096,1.13055,1500000,1500000
2016-05-15 21:42:07.341000,1.13097,1.13055,2250000,1500000
2016-05-15 21:42:07.869000,1.13096,1.13055,1500000,1500000
2016-05-15 21:42:14.161000,1.13097,1.13055,1000000,1500000
2016-05-15 21:42:14.675000,1.13097,1.13054,1000000,1500000
2016-05-15 21:42:17.714000,1.13097,1.13055,1000000,1000000
2016-05-15 21:42:17.765000,1.13097,1.13058,1000000,1000000
2016-05-15 21:42:18.069000,1.13097,1.13061,1000000,1000000
2016-05-15 21:42:20.169000,1.13102,1.13061,1070000,1000000
2016-05-15 21:42:21.367000,1.13102,1.13061,1070000,1000000
2016-05-15 21:42:24.886000,1.13102,1.13061,1000000,1000000
2016-05-15 21:42:26.542000,1.13105,1.13061,3000000,1500000
2016-05-15 21:42:28.905000,1.13105,1.13063,1500000,1000000
2016-05-15 21:42:28.956000,1.13107,1.13063,1000000,1000000
2016-05-15 21:42:29.471000,1.13107,1.13064,1000000,1500000
2016-05-15 21:42:35.794000,1.13107,1.13063,1000000,2250000
2016-05-15 21:42:37.472000,1.13109,1.13063,2250000,2250000
2016-05-15 21:42:50.015000,1.13109,1.13061,1000000,1500000
2016-05-15 21:42:50.592000,1.13109,1.13060,1000000,1000000
2016-05-15 21:42:54.353000,1.13109,1.13063,2250000,1000000
2016-05-15 21:42:54.863000,1.13109,1.13064,2250000,1500000
2016-05-15 21:43:01.868000,1.13108,1.13064,1000000,1500000
2016-05-15 21:43:03.378000,1.13111,1.13064,1570000,1500000
2016-05-15 21:43:03.430000,1.13111,1.13070,1570000,2250000
2016-05-15 21:43:03.633000,1.13116,1.13073,1500000,1070000
2016-05-15 21:43:03.684000,1.13119,1.13073,2250000,1570000
2016-05-15 21:43:06.200000,1.13119,1.13076,1000000,1500000
2016-05-15 21:43:09.539000,1.13104,1.13076,750000,1500000
2016-05-15 21:43:10.046000,1.13104,1.13073,1000000,1570000
2016-05-15 21:43:31.755000,1.13098,1.13073,1000000,1570000
2016-05-15 21:43:32.059000,1.13088,1.13066,1000000,2250000
2016-05-15 21:44:31.981000,1.13092,1.13065,3000000,3190000
2016-05-15 21:44:32.380000,1.13092,1.13065,3000000,2510000
2016-05-15 21:44:34.898000,1.13088,1.13064,1000000,2060000
2016-05-15 21:45:14.096000,1.13088,1.13064,1000000,1760000
2016-05-15 21:45:40.438000,1.13084,1.13063,1000000,1760000
2016-05-15 21:45:40.943000,1.13085,1.13063,1000000,1760000
2016-05-15 21:45:41.320000,1.13088,1.13064,1500000,1760000
2016-05-15 21:45:45.569000,1.13086,1.13065,1000000,1760000
2016-05-15 21:45:45.621000,1.13088,1.13064,1000000,1760000
2016-05-15 21:45:47.262000,1.13086,1.13064,1000000,1760000
2016-05-15 21:45:48.930000,1.13085,1.13064,1000000,3260000
2016-05-15 21:45:49.031000,1.13088,1.13064,1000000,3260000
2016-05-15 21:45:52.535000,1.13085,1.13063,1000000,2510000
2016-05-15 21:45:52.636000,1.13088,1.13064,1000000,1760000
2016-05-15 21:46:01.082000,1.13085,1.13064,1000000,1760000
2016-05-15 21:46:01.183000,1.13088,1.13064,1000000,1760000
2016-05-15 21:46:57.237000,1.13091,1.13064,1000000,1760000
2016-05-15 21:46:57.742000,1.13090,1.13061,1500000,1690000
2016-05-15 21:47:09.826000,1.13091,1.13064,1000000,1260000
2016-05-15 21:47:10.359000,1.13092,1.13064,3750000,1260000
2016-05-15 21:47:12.479000,1.13090,1.13062,1500000,2060000
2016-05-15 21:47:17.379000,1.13089,1.13062,1000000,1310000
2016-05-15 21:47:21.594000,1.13090,1.13062,1500000,1260000
2016-05-15 21:47:22.112000,1.13092,1.13062,3000000,1310000
2016-05-15 21:47:22.659000,1.13091,1.13062,1000000,2060000
2016-05-15 21:47:23.635000,1.13090,1.13062,1000000,2060000
2016-05-15 21:47:24.189000,1.13092,1.13062,6000000,2810000
2016-05-15 21:47:24.738000,1.13091,1.13062,1000000,3560000
2016-05-15 21:47:25.639000,1.13090,1.13062,1000000,2810000
2016-05-15 21:47:25.993000,1.13092,1.13062,6000000,2810000
2016-05-15 21:47:27.129000,1.13090,1.13062,1000000,2810000
2016-05-15 21:47:27.493000,1.13092,1.13062,5250000,3560000
2016-05-15 21:47:28.473000,1.13090,1.13062,1000000,2060000
2016-05-15 21:47:28.732000,1.13092,1.13062,5250000,3560000
2016-05-15 21:47:31.950000,1.13090,1.13062,1500000,2060000
2016-05-15 21:47:32.450000,1.13092,1.13062,4500000,3560000
2016-05-15 21:47:34.281000,1.13090,1.13062,1500000,1310000
2016-05-15 21:47:34.470000,1.13092,1.13062,5250000,3560000
2016-05-15 21:47:34.571000,1.13089,1.13062,1000000,2060000
2016-05-15 21:47:35.767000,1.13090,1.13062,1000000,3560000
2016-05-15 21:47:35.817000,1.13092,1.13062,4500000,3560000
2016-05-15 21:47:37.638000,1.13090,1.13060,1500000,4690000
2016-05-15 21:47:41.730000,1.13092,1.13062,5250000,3560000
2016-05-15 21:47:43.468000,1.13090,1.13062,1500000,1310000
2016-05-15 21:47:43.819000,1.13092,1.13062,5250000,3560000
2016-05-15 21:47:44.470000,1.13090,1.13062,1000000,2060000
2016-05-15 21:47:44.972000,1.13089,1.13061,1000000,1690000
2016-05-15 21:47:48.883000,1.13090,1.13062,1000000,2810000
2016-05-15 21:47:49.482000,1.13091,1.13062,1000000,2810000
2016-05-15 21:47:50.586000,1.13090,1.13062,1500000,2060000
2016-05-15 21:47:51.142000,1.13091,1.13062,1000000,3560000
2016-05-15 21:47:52.284000,1.13092,1.13062,4500000,2810000
2016-05-15 21:47:54.284000,1.13090,1.13062,1000000,2060000
2016-05-15 21:47:54.436000,1.13092,1.13062,4500000,2810000
2016-05-15 21:47:54.588000,1.13090,1.13062,1000000,2060000
2016-05-15 21:47:54.836000,1.13092,1.13062,5250000,3560000
2016-05-15 21:47:55.089000,1.13090,1.13062,1000000,2060000
2016-05-15 21:47:55.342000,1.13092,1.13062,5250000,3560000
2016-05-15 21:47:55.658000,1.13090,1.13062,1000000,1310000
2016-05-15 21:47:56.172000,1.13091,1.13062,1500000,1310000
2016-05-15 21:48:16.054000,1.13075,1.13061,750000,3190000
2016-05-15 21:48:16.350000,1.13084,1.13064,1500000,1270000
2016-05-15 21:48:16.401000,1.13084,1.13064,1500000,2210000
2016-05-15 21:48:16.452000,1.13092,1.13069,1500000,1070000
2016-05-15 21:48:16.554000,1.13096,1.13069,1500000,1070000
2016-05-15 21:48:16.656000,1.13101,1.13069,2250000,1570000
2016-05-15 21:48:17.414000,1.13101,1.13072,2250000,1500000
2016-05-15 21:48:17.566000,1.13104,1.13072,1500000,3750000
2016-05-15 21:48:18.742000,1.13105,1.13072,3750000,2250000
2016-05-15 21:48:19.280000,1.13104,1.13072,1500000,4500000
2016-05-15 21:48:20.847000,1.13105,1.13072,3750000,2250000
2016-05-15 21:48:21.358000,1.13104,1.13072,1500000,4500000
2016-05-15 21:48:23.457000,1.13104,1.13071,2250000,3000000
2016-05-15 21:48:26.649000,1.13100,1.13071,1000000,1500000
2016-05-15 21:48:26.954000,1.13097,1.13067,1000000,1870000
2016-05-15 21:48:40.267000,1.13097,1.13065,2250000,4310000
2016-05-15 21:49:03.628000,1.13098,1.13065,4690000,2810000
2016-05-15 21:49:04.162000,1.13097,1.13065,1500000,4310000
2016-05-15 21:49:09.623000,1.13098,1.13065,4690000,2810000
2016-05-15 21:49:09.924000,1.13096,1.13065,1000000,3560000
2016-05-15 21:49:10.778000,1.13096,1.13064,2250000,1560000
2016-05-15 21:49:10.982000,1.13096,1.13065,2320000,1690000
2016-05-15 21:49:11.410000,1.13096,1.13063,2250000,2810000
2016-05-15 21:49:11.731000,1.13096,1.13063,2320000,3190000
2016-05-15 21:49:12.250000,1.13096,1.13063,2320000,3940000
2016-05-15 21:49:15.385000,1.13095,1.13064,3000000,1250000
2016-05-15 21:49:20.352000,1.13096,1.13063,3820000,1190000
2016-05-15 21:49:20.453000,1.13094,1.13063,1500000,1190000
2016-05-15 21:49:21.872000,1.13095,1.13063,3000000,1190000
2016-05-15 21:49:22.383000,1.13094,1.13062,2250000,2510000
2016-05-15 21:49:22.896000,1.13094,1.13065,2250000,1500000
2016-05-15 21:49:23.424000,1.13094,1.13062,2250000,2510000
2016-05-15 21:49:25.817000,1.13094,1.13062,2250000,2510000
2016-05-15 21:49:56.283000,1.13094,1.13065,1500000,2060000
2016-05-15 21:49:56.487000,1.13095,1.13067,1000000,1500000
2016-05-15 21:49:56.589000,1.13095,1.13065,1000000,1690000
2016-05-15 21:50:12.862000,1.13095,1.13065,3750000,1760000
2016-05-15 21:50:13.373000,1.13095,1.13065,3750000,1760000
2016-05-15 21:50:15.796000,1.13095,1.13066,3750000,1500000
2016-05-15 21:50:16.887000,1.13095,1.13065,3750000,1570000
2016-05-15 21:50:17.784000,1.13095,1.13066,1000000,1000000
2016-05-15 21:50:18.434000,1.13098,1.13066,2250000,1000000
2016-05-15 21:50:19.048000,1.13098,1.13065,2250000,1760000
2016-05-15 21:50:24.200000,1.13098,1.13066,2250000,1500000
2016-05-15 21:50:24.925000,1.13098,1.13065,2250000,1010000
2016-05-15 21:50:27.725000,1.13098,1.13066,2250000,1500000
2016-05-15 21:50:28.957000,1.13099,1.13066,2250000,1500000
2016-05-15 21:50:30.312000,1.13099,1.13068,2250000,1500000
2016-05-15 21:50:30.728000,1.13099,1.13065,1000000,6260000
2016-05-15 21:50:35.378000,1.13099,1.13066,1500000,1000000
2016-05-15 21:50:35.896000,1.13100,1.13066,3750000,2250000
2016-05-15 21:50:46.166000,1.13101,1.13066,2250000,2250000
2016-05-15 21:50:54.516000,1.13100,1.13066,1000000,2250000
2016-05-15 21:50:59.995000,1.13101,1.13066,2250000,2250000
2016-05-15 21:51:03.084000,1.13097,1.13066,1000000,1500000
2016-05-15 21:51:03.186000,1.13097,1.13063,2250000,3750000
2016-05-15 21:51:08.686000,1.13095,1.13063,2250000,1500000
2016-05-15 21:51:08.737000,1.13095,1.13060,3750000,3750000
2016-05-15 21:51:09.835000,1.13095,1.13060,3940000,3750000
2016-05-15 21:51:10.140000,1.13089,1.13057,1000000,1500000
2016-05-15 21:51:10.242000,1.13087,1.13054,1500000,1000000
2016-05-15 21:51:11.050000,1.13085,1.13053,1000000,1500000
2016-05-15 21:51:14.147000,1.13085,1.13052,1000000,1500000
2016-05-15 21:51:14.648000,1.13085,1.13053,1000000,1500000
2016-05-15 21:51:15.628000,1.13085,1.13051,1000000,1500000
2016-05-15 21:51:16.151000,1.13085,1.13050,1000000,3750000
2016-05-15 21:51:16.460000,1.13083,1.13051,1000000,1500000
2016-05-15 21:51:16.623000,1.13083,1.13048,2250000,1000000
2016-05-15 21:51:21.758000,1.13081,1.13047,1000000,1500000
2016-05-15 21:51:22.262000,1.13081,1.13046,1000000,2250000
2016-05-15 21:51:22.569000,1.13077,1.13042,2320000,2250000
2016-05-15 21:51:22.754000,1.13073,1.13037,1500000,1500000
2016-05-15 21:51:22.857000,1.13073,1.13037,1570000,1000000
2016-05-15 21:51:22.907000,1.13073,1.13035,1570000,6000000
2016-05-15 21:51:23.211000,1.13074,1.13033,2320000,3750000
2016-05-15 21:51:23.720000,1.13073,1.13034,1570000,1500000
2016-05-15 21:51:24.170000,1.13073,1.13036,2320000,1000000
2016-05-15 21:51:25.606000,1.13073,1.13036,2250000,1000000
2016-05-15 21:51:26.977000,1.13072,1.13035,1500000,1500000
2016-05-15 21:51:33.282000,1.13070,1.13036,3000000,1000000
2016-05-15 21:51:35.846000,1.13070,1.13035,3000000,3000000
2016-05-15 21:51:38.927000,1.13070,1.13036,3000000,1000000
2016-05-15 21:51:45.065000,1.13070,1.13035,1570000,1500000
2016-05-15 21:51:49.774000,1.13069,1.13033,1190000,1500000
2016-05-15 21:51:58.597000,1.13068,1.13033,3190000,1570000
2016-05-15 21:51:58.804000,1.13068,1.13037,3000000,1000000
2016-05-15 21:52:01.214000,1.13068,1.13038,1000000,1000000
2016-05-15 21:52:01.442000,1.13070,1.13038,4500000,1500000
2016-05-15 21:52:06.144000,1.13071,1.13038,3000000,1500000
2016-05-15 21:52:08.066000,1.13072,1.13038,2250000,1500000
2016-05-15 21:52:08.585000,1.13071,1.13038,1500000,1500000
2016-05-15 21:52:11.153000,1.13072,1.13038,1000000,1500000
2016-05-15 21:52:14.778000,1.13073,1.13038,1500000,1500000
2016-05-15 21:52:14.880000,1.13073,1.13040,1500000,1500000
2016-05-15 21:52:16.874000,1.13074,1.13040,2250000,1500000
2016-05-15 21:52:31.875000,1.13074,1.13039,2250000,1000000
2016-05-15 21:52:34.831000,1.13074,1.13038,1000000,1000000
2016-05-15 21:52:35.730000,1.13074,1.13037,1000000,2250000
2016-05-15 21:52:36.231000,1.13074,1.13038,1000000,1500000
2016-05-15 21:52:36.901000,1.13074,1.13037,1000000,2250000
2016-05-15 21:52:37.536000,1.13074,1.13038,1000000,1500000
2016-05-15 21:52:39.739000,1.13074,1.13039,1000000,1000000
2016-05-15 21:52:40.941000,1.13074,1.13038,1000000,1500000
2016-05-15 21:52:42.322000,1.13074,1.13039,1000000,1000000
2016-05-15 21:52:43.548000,1.13074,1.13038,1000000,1000000
2016-05-15 21:52:44.099000,1.13074,1.13039,1000000,1000000
2016-05-15 21:52:44.615000,1.13075,1.13038,3750000,1500000
2016-05-15 21:52:45.354000,1.13074,1.13037,1500000,4500000
2016-05-15 21:52:46.255000,1.13075,1.13037,3750000,2250000
2016-05-15 21:52:46.956000,1.13074,1.13037,1500000,4500000
2016-05-15 21:52:47.457000,1.13075,1.13037,3750000,2250000
2016-05-15 21:52:47.970000,1.13074,1.13037,1500000,4500000
2016-05-15 21:52:57.077000,1.13074,1.13038,1000000,1500000
2016-05-15 21:52:58.464000,1.13074,1.13037,1000000,3750000
2016-05-15 21:52:58.984000,1.13074,1.13038,1000000,1500000
2016-05-15 21:53:00.369000,1.13075,1.13038,3750000,2250000
2016-05-15 21:53:13.263000,1.13076,1.13038,5250000,1000000
2016-05-15 21:53:13.813000,1.13075,1.13038,1500000,2250000
2016-05-15 21:53:16.719000,1.13076,1.13038,3750000,2250000
2016-05-15 21:53:24.581000,1.13076,1.13037,3750000,3750000
2016-05-15 21:53:25.132000,1.13075,1.13038,3000000,1500000
2016-05-15 21:53:32.403000,1.13075,1.13037,3000000,4500000
2016-05-15 21:53:36.720000,1.13075,1.13038,3000000,1000000
2016-05-15 21:53:40.283000,1.13076,1.13038,3000000,3750000
2016-05-15 21:53:49.429000,1.13076,1.13041,2250000,1000000
2016-05-15 21:53:49.786000,1.13076,1.13038,1500000,3750000
2016-05-15 21:53:50.279000,1.13076,1.13041,1500000,1500000
2016-05-15 21:53:50.766000,1.13076,1.13038,1500000,3750000
2016-05-15 21:53:51.279000,1.13077,1.13041,3000000,1500000
2016-05-15 21:53:51.515000,1.13077,1.13039,1500000,2250000
2016-05-15 21:53:54.717000,1.13077,1.13041,1500000,1000000
2016-05-15 21:53:55.318000,1.13077,1.13039,1500000,2250000
2016-05-15 21:53:55.718000,1.13077,1.13041,1500000,1000000
2016-05-15 21:53:56.719000,1.13078,1.13041,2250000,1500000
2016-05-15 21:54:06.034000,1.13079,1.13041,3000000,1000000
2016-05-15 21:54:15.733000,1.13079,1.13040,1500000,4500000
2016-05-15 21:54:30.887000,1.13078,1.13040,1500000,1500000
2016-05-15 21:54:32.370000,1.13078,1.13042,1500000,1000000
2016-05-15 21:54:32.891000,1.13078,1.13041,1500000,1000000
2016-05-15 21:54:33.396000,1.13078,1.13042,1500000,1000000
2016-05-15 21:54:33.901000,1.13078,1.13041,1500000,1500000
2016-05-15 21:54:34.948000,1.13078,1.13039,1500000,2250000
2016-05-15 21:54:35.615000,1.13079,1.13039,2250000,1000000
2016-05-15 21:54:36.116000,1.13078,1.13039,1500000,2250000
2016-05-15 21:54:42.689000,1.13079,1.13039,2250000,2250000
2016-05-15 21:54:56.155000,1.13080,1.13038,3750000,3750000
2016-05-15 21:54:56.684000,1.13079,1.13039,1500000,1500000
2016-05-15 21:54:57.447000,1.13080,1.13038,3750000,3750000
2016-05-15 21:54:57.960000,1.13079,1.13039,1500000,1500000
2016-05-15 21:54:59.853000,1.13080,1.13038,3750000,3750000
2016-05-15 21:55:00.400000,1.13079,1.13039,1500000,1500000
2016-05-15 21:55:00.954000,1.13080,1.13038,3750000,3750000
2016-05-15 21:55:01.492000,1.13079,1.13039,1500000,1500000
2016-05-15 21:55:02.036000,1.13080,1.13038,3750000,3750000
2016-05-15 21:55:02.758000,1.13079,1.13039,1500000,1500000
2016-05-15 21:55:04.463000,1.13080,1.13038,3750000,3750000
2016-05-15 21:55:04.995000,1.13079,1.13039,1500000,1500000
2016-05-15 21:55:06.366000,1.13080,1.13038,3750000,3750000
2016-05-15 21:55:07.047000,1.13079,1.13039,1500000,1500000
2016-05-15 21:55:09.571000,1.13080,1.13038,3750000,3750000
2016-05-15 21:55:10.099000,1.13079,1.13039,1500000,1500000
2016-05-15 21:55:11.277000,1.13080,1.13038,3750000,3750000
2016-05-15 21:55:11.818000,1.13079,1.13039,1500000,1500000
2016-05-15 21:55:14.387000,1.13079,1.13038,1000000,3750000
2016-05-15 21:55:14.969000,1.13079,1.13039,2250000,1500000
2016-05-15 21:55:15.590000,1.13079,1.13038,1000000,3750000
2016-05-15 21:55:16.092000,1.13079,1.13039,2250000,1500000
2016-05-15 21:55:18.135000,1.13079,1.13038,1000000,3750000
2016-05-15 21:55:18.669000,1.13079,1.13039,2250000,1500000
2016-05-15 21:55:20.297000,1.13079,1.13038,2250000,4500000
2016-05-15 21:55:32.827000,1.13079,1.13040,2250000,1000000
2016-05-15 21:55:36.718000,1.13079,1.13041,1000000,1000000
2016-05-15 21:55:53.472000,1.13080,1.13041,6000000,1000000
2016-05-15 21:55:55.830000,1.13080,1.13040,6750000,3000000
2016-05-15 21:55:59.479000,1.13080,1.13038,5250000,4500000
2016-05-15 21:55:59.683000,1.13080,1.13040,5250000,1000000
2016-05-15 21:56:02.778000,1.13080,1.13038,3750000,3750000
2016-05-15 21:56:03.287000,1.13080,1.13039,5250000,1500000
2016-05-15 21:56:04.290000,1.13079,1.13039,1000000,1500000
2016-05-15 21:56:05.788000,1.13079,1.13039,1070000,1500000
2016-05-15 21:56:06.091000,1.13079,1.13039,1120000,1500000
2016-05-15 21:56:07.440000,1.13077,1.13038,1570000,2250000
2016-05-15 21:56:07.979000,1.13077,1.13039,1570000,1500000
2016-05-15 21:56:08.490000,1.13076,1.13040,1570000,1500000
2016-05-15 21:56:09.590000,1.13076,1.13039,1570000,1500000
2016-05-15 21:56:10.628000,1.13076,1.13038,1570000,2250000
2016-05-15 21:56:11.129000,1.13076,1.13037,2320000,1000000
2016-05-15 21:56:17.264000,1.13076,1.13037,3750000,2250000
2016-05-15 21:56:23.285000,1.13076,1.13038,4500000,1000000
2016-05-15 21:56:23.336000,1.13075,1.13040,1000000,1000000
2016-05-15 21:56:23.589000,1.13077,1.13040,3750000,1500000
2016-05-15 21:56:26.212000,1.13077,1.13037,2250000,2250000
2016-05-15 21:56:26.880000,1.13077,1.13039,2250000,1000000
2016-05-15 21:56:28.884000,1.13078,1.13039,1000000,1000000
2016-05-15 21:56:30.152000,1.13078,1.13038,1000000,1000000
2016-05-15 21:56:30.685000,1.13078,1.13039,1000000,1000000
2016-05-15 21:56:31.288000,1.13078,1.13038,1000000,1000000
2016-05-15 21:56:31.899000,1.13078,1.13039,1000000,1000000
2016-05-15 21:56:32.694000,1.13078,1.13037,1000000,4500000
2016-05-15 21:56:35.195000,1.13079,1.13037,3750000,4500000
2016-05-15 21:56:52.601000,1.13078,1.13037,1500000,3000000
2016-05-15 21:56:53.934000,1.13079,1.13037,2250000,2250000
2016-05-15 21:56:54.441000,1.13078,1.13037,2250000,2250000
2016-05-15 21:57:12.682000,1.13079,1.13037,2250000,2250000
2016-05-15 21:57:17.706000,1.13078,1.13037,1000000,2250000
2016-05-15 21:57:35.059000,1.13079,1.13037,2250000,2250000
2016-05-15 21:58:03.487000,1.13079,1.13039,2250000,1000000
2016-05-15 21:58:03.999000,1.13079,1.13038,1000000,1000000
2016-05-15 21:58:04.603000,1.13079,1.13037,2250000,2250000
2016-05-15 21:58:27.564000,1.13078,1.13037,1000000,2250000
2016-05-15 21:58:33.676000,1.13079,1.13037,1000000,1500000
2016-05-15 21:58:39.104000,1.13078,1.13037,1000000,2250000
2016-05-15 21:58:44.436000,1.13079,1.13037,2250000,2250000
2016-05-15 21:59:00.080000,1.13075,1.13037,1000000,1500000
2016-05-15 21:59:00.282000,1.13075,1.13035,6000000,1000000
2016-05-15 21:59:00.817000,1.13075,1.13031,6000000,4010000
2016-05-15 21:59:05.476000,1.13074,1.13034,750000,100000
2016-05-15 21:59:07.003000,1.13073,1.13034,1500000,100000
2016-05-15 21:59:07.513000,1.13074,1.13034,750000,100000
2016-05-15 21:59:35.872000,1.13071,1.13034,750000,100000
2016-05-15 21:59:36.075000,1.13072,1.13032,1690000,940000
2016-05-15 21:59:36.623000,1.13071,1.13032,3190000,750000
2016-05-15 21:59:40.837000,1.13071,1.13031,2440000,750000
2016-05-15 21:59:43.694000,1.13070,1.13031,750000,750000
2016-05-15 21:59:43.745000,1.13067,1.13029,820000,1500000
2016-05-15 21:59:43.897000,1.13066,1.13026,1500000,750000
2016-05-15 21:59:48.119000,1.13067,1.13026,820000,750000
2016-05-15 21:59:48.627000,1.13066,1.13026,750000,750000
2016-05-15 21:59:49.172000,1.13066,1.13025,750000,820000
2016-05-15 21:59:50.427000,1.13067,1.13025,820000,820000
2016-05-15 21:59:50.929000,1.13066,1.13025,750000,820000
2016-05-15 21:59:51.947000,1.13067,1.13025,820000,820000
2016-05-15 21:59:52.496000,1.13066,1.13025,750000,820000
2016-05-15 21:59:54.150000,1.13067,1.13025,820000,820000
2016-05-15 21:59:54.687000,1.13066,1.13025,750000,820000
2016-05-15 21:59:55.540000,1.13067,1.13025,820000,820000
2016-05-15 21:59:56.173000,1.13066,1.13025,750000,820000
2016-05-15 21:59:56.942000,1.13067,1.13025,820000,820000
2016-05-15 21:59:57.445000,1.13066,1.13025,750000,820000
2016-05-15 21:59:58.566000,1.13067,1.13025,820000,820000
2016-05-15 21:59:59.098000,1.13066,1.13025,750000,820000
2016-05-15 22:00:00.229000,1.13060,1.13025,750000,820000
2016-05-15 22:00:00.535000,1.13052,1.13025,3750000,100000
2016-05-15 22:00:00.943000,1.13050,1.13025,2250000,100000
2016-05-15 22:00:01.548000,1.13054,1.13025,2250000,100000
2016-05-15 22:00:02.017000,1.13057,1.13025,3000000,100000
2016-05-15 22:00:02.374000,1.13059,1.13025,2250000,100000
2016-05-15 22:00:02.425000,1.13057,1.13025,750000,100000
2016-05-15 22:00:03.574000,1.13057,1.13027,2250000,750000
2016-05-15 22:00:03.928000,1.13059,1.13028,1500000,750000
2016-05-15 22:00:04.282000,1.13059,1.13032,2250000,750000
2016-05-15 22:00:04.614000,1.13055,1.13032,750000,750000
2016-05-15 22:00:05.083000,1.13055,1.13029,750000,750000
2016-05-15 22:00:05.184000,1.13056,1.13026,750000,750000
2016-05-15 22:00:05.664000,1.13054,1.13025,750000,820000
2016-05-15 22:00:06.069000,1.13054,1.13028,2250000,750000
2016-05-15 22:00:06.170000,1.13054,1.13025,2250000,820000
2016-05-15 22:00:06.882000,1.13050,1.13026,750000,750000
2016-05-15 22:00:06.983000,1.13054,1.13025,2250000,820000
2016-05-15 22:00:07.439000,1.13056,1.13025,3750000,820000
2016-05-15 22:00:08.698000,1.13056,1.13026,3750000,750000
2016-05-15 22:00:10.380000,1.13056,1.13031,3750000,750000
2016-05-15 22:00:10.919000,1.13055,1.13031,750000,750000
2016-05-15 22:00:12.723000,1.13048,1.13031,150000,750000
2016-05-15 22:00:13.238000,1.13048,1.13030,150000,750000
2016-05-15 22:00:19.130000,1.13048,1.13031,150000,150000
2016-05-15 22:00:19.669000,1.13049,1.13030,150000,750000
2016-05-15 22:00:21.884000,1.13047,1.13030,750000,750000
2016-05-15 22:00:21.986000,1.13049,1.13030,150000,750000
2016-05-15 22:00:22.087000,1.13049,1.13025,150000,1570000
2016-05-15 22:00:22.138000,1.13058,1.13028,900000,750000
2016-05-15 22:00:22.240000,1.13058,1.13041,900000,150000
2016-05-15 22:00:28.229000,1.13059,1.13041,750000,150000
2016-05-15 22:00:29.632000,1.13060,1.13041,2250000,150000
2016-05-15 22:00:30.262000,1.13059,1.13041,750000,150000
2016-05-15 22:00:33.962000,1.13060,1.13051,2250000,150000
2016-05-15 22:00:34.467000,1.13059,1.13051,750000,150000
2016-05-15 22:00:36.035000,1.13060,1.13051,1500000,150000
2016-05-15 22:00:36.581000,1.13059,1.13051,750000,150000
2016-05-15 22:00:37.957000,1.13061,1.13051,100000,150000
2016-05-15 22:00:38.211000,1.13063,1.13051,750000,150000
2016-05-15 22:00:38.757000,1.13062,1.13051,100000,150000
2016-05-15 22:00:40.587000,1.13062,1.13050,100000,150000
2016-05-15 22:00:41.266000,1.13063,1.13050,820000,150000
2016-05-15 22:00:41.444000,1.13063,1.13056,750000,150000
2016-05-15 22:00:42.268000,1.13064,1.13056,750000,150000
2016-05-15 22:00:42.806000,1.13063,1.13056,750000,150000
2016-05-15 22:00:44.574000,1.13064,1.13056,750000,150000
2016-05-15 22:00:44.777000,1.13066,1.13056,750000,150000
2016-05-15 22:00:45.294000,1.13067,1.13056,750000,150000
2016-05-15 22:00:45.826000,1.13066,1.13056,750000,150000
2016-05-15 22:00:46.351000,1.13067,1.13056,750000,150000
2016-05-15 22:00:49.035000,1.13068,1.13056,520000,150000
2016-05-15 22:00:49.489000,1.13067,1.13050,100000,150000
2016-05-15 22:00:52.090000,1.13067,1.13051,750000,150000
2016-05-15 22:00:56.988000,1.13058,1.13046,150000,150000
2016-05-15 22:00:57.191000,1.13058,1.13041,150000,150000
2016-05-15 22:00:58.113000,1.13059,1.13045,150000,150000
2016-05-15 22:00:59.779000,1.13059,1.13040,150000,150000
2016-05-15 22:01:00.694000,1.13058,1.13041,370000,150000
2016-05-15 22:01:02.556000,1.13058,1.13046,150000,150000
2016-05-15 22:01:05.303000,1.13058,1.13041,150000,150000
2016-05-15 22:01:11.987000,1.13055,1.13041,750000,150000
2016-05-15 22:01:12.348000,1.13058,1.13041,370000,900000
2016-05-15 22:01:14.123000,1.13058,1.13042,370000,750000
2016-05-15 22:01:16.132000,1.13058,1.13041,370000,150000
2016-05-15 22:01:20.697000,1.13057,1.13041,190000,150000
2016-05-15 22:01:22.072000,1.13058,1.13041,370000,150000
2016-05-15 22:01:25.677000,1.13057,1.13041,190000,150000
2016-05-15 22:01:25.728000,1.13055,1.13041,750000,150000
2016-05-15 22:01:26.083000,1.13058,1.13041,1120000,150000
2016-05-15 22:01:29.067000,1.13058,1.13040,1690000,150000
2016-05-15 22:01:29.169000,1.13054,1.13040,150000,150000
2016-05-15 22:01:38.160000,1.13053,1.13036,150000,150000
2016-05-15 22:01:53.887000,1.13048,1.13036,150000,370000
2016-05-15 22:01:54.191000,1.13053,1.13036,370000,370000
2016-05-15 22:01:54.395000,1.13048,1.13036,150000,370000
2016-05-15 22:01:56.087000,1.13050,1.13031,1500000,2400000
2016-05-15 22:01:56.240000,1.13048,1.13031,190000,2400000
2016-05-15 22:01:56.748000,1.13047,1.13031,750000,150000
2016-05-15 22:01:57.719000,1.13048,1.13031,1460000,150000
2016-05-15 22:01:58.256000,1.13047,1.13031,750000,150000
2016-05-15 22:02:00.351000,1.13048,1.13031,1270000,150000
2016-05-15 22:02:00.866000,1.13047,1.13031,750000,150000
2016-05-15 22:02:01.516000,1.13048,1.13031,1270000,150000
2016-05-15 22:02:02.066000,1.13047,1.13031,750000,3370000
2016-05-15 22:02:03.926000,1.13048,1.13031,1120000,1120000
2016-05-15 22:02:05.663000,1.13048,1.13033,1120000,2250000
2016-05-15 22:02:06.164000,1.13048,1.13031,750000,4120000
2016-05-15 22:02:07.281000,1.13048,1.13032,750000,2250000
2016-05-15 22:02:07.535000,1.13046,1.13031,750000,3370000
2016-05-15 22:02:07.637000,1.13048,1.13032,940000,2250000
2016-05-15 22:02:08.070000,1.13050,1.13034,1500000,2250000
2016-05-15 22:02:08.387000,1.13050,1.13036,1500000,450000
2016-05-15 22:02:10.348000,1.13051,1.13040,370000,450000
2016-05-15 22:02:10.450000,1.13054,1.13040,1200000,450000
2016-05-15 22:02:11.945000,1.13053,1.13041,1120000,1870000
2016-05-15 22:02:21.966000,1.13044,1.13039,190000,370000
2016-05-15 22:02:22.017000,1.13044,1.13036,190000,750000
2016-05-15 22:02:22.068000,1.13042,1.13036,190000,450000
2016-05-15 22:02:22.171000,1.13047,1.13036,820000,450000
2016-05-15 22:02:22.323000,1.13051,1.13039,750000,370000
2016-05-15 22:02:22.606000,1.13049,1.13039,750000,370000
2016-05-15 22:02:23.116000,1.13049,1.13040,750000,370000
2016-05-15 22:02:23.387000,1.13049,1.13033,750000,2250000
2016-05-15 22:02:23.897000,1.13050,1.13032,2810000,2250000
2016-05-15 22:02:24.411000,1.13049,1.13033,1500000,2250000
2016-05-15 22:02:26.172000,1.13048,1.13033,750000,2250000
2016-05-15 22:02:26.706000,1.13049,1.13033,1120000,2620000
2016-05-15 22:02:27.273000,1.13048,1.13033,750000,2620000
2016-05-15 22:02:29.641000,1.13048,1.13032,750000,3750000
2016-05-15 22:02:31.009000,1.13047,1.13032,190000,1500000
2016-05-15 22:02:31.259000,1.13049,1.13031,1310000,2620000
2016-05-15 22:02:31.782000,1.13048,1.13032,750000,1500000
2016-05-15 22:02:33.584000,1.13049,1.13031,940000,2700000
2016-05-15 22:02:34.187000,1.13048,1.13032,750000,1500000
2016-05-15 22:02:35.089000,1.13048,1.13030,750000,5320000
2016-05-15 22:02:35.476000,1.13048,1.13034,750000,370000
2016-05-15 22:02:36.692000,1.13048,1.13038,750000,370000
2016-05-15 22:02:37.193000,1.13048,1.13037,750000,370000
2016-05-15 22:02:38.526000,1.13048,1.13038,750000,370000
2016-05-15 22:02:39.051000,1.13048,1.13037,750000,370000
2016-05-15 22:02:39.572000,1.13047,1.13038,750000,370000
2016-05-15 22:02:40.099000,1.13048,1.13037,2250000,370000
2016-05-15 22:02:41.034000,1.13047,1.13037,750000,370000
2016-05-15 22:02:43.540000,1.13048,1.13037,2250000,370000
2016-05-15 22:02:44.107000,1.13047,1.13037,750000,370000
2016-05-15 22:02:45.109000,1.13048,1.13037,2250000,370000
2016-05-15 22:02:45.619000,1.13047,1.13037,750000,370000
2016-05-15 22:02:46.075000,1.13047,1.13039,750000,370000
2016-05-15 22:02:46.379000,1.13044,1.13040,370000,370000
2016-05-15 22:02:46.684000,1.13044,1.13036,750000,370000
2016-05-15 22:02:47.197000,1.13043,1.13036,750000,370000
2016-05-15 22:02:47.604000,1.13043,1.13034,750000,370000
2016-05-15 22:02:48.136000,1.13043,1.13033,750000,370000
2016-05-15 22:02:48.364000,1.13043,1.13037,750000,370000
2016-05-15 22:02:48.974000,1.13043,1.13038,1200000,370000
2016-05-15 22:02:49.177000,1.13041,1.13033,750000,370000
2016-05-15 22:02:49.380000,1.13041,1.13037,750000,370000
2016-05-15 22:02:49.914000,1.13041,1.13038,750000,370000
2016-05-15 22:02:50.117000,1.13045,1.13040,1500000,750000
2016-05-15 22:02:50.168000,1.13051,1.13040,2250000,750000
2016-05-15 22:02:50.219000,1.13050,1.13038,370000,370000
2016-05-15 22:02:50.731000,1.13050,1.13039,370000,370000
2016-05-15 22:02:50.833000,1.13052,1.13040,560000,370000
2016-05-15 22:02:51.001000,1.13053,1.13045,2700000,750000
2016-05-15 22:02:51.305000,1.13053,1.13048,2700000,750000
2016-05-15 22:02:51.508000,1.13053,1.13046,2700000,750000
2016-05-15 22:02:52.609000,1.13053,1.13047,450000,100000
2016-05-15 22:02:53.076000,1.13053,1.13044,450000,100000
2016-05-15 22:02:53.577000,1.13053,1.13045,450000,100000
2016-05-15 22:02:53.879000,1.13053,1.13047,1120000,370000
2016-05-15 22:02:54.425000,1.13053,1.13046,1120000,370000
2016-05-15 22:02:55.148000,1.13053,1.13045,1120000,370000
2016-05-15 22:02:55.730000,1.13053,1.13046,1120000,370000
2016-05-15 22:02:55.983000,1.13050,1.13038,190000,370000
2016-05-15 22:02:56.035000,1.13048,1.13038,450000,370000
2016-05-15 22:02:56.375000,1.13048,1.13047,450000,370000
2016-05-15 22:02:56.426000,1.13053,1.13047,1120000,370000
2016-05-15 22:02:56.933000,1.13053,1.13048,1120000,370000
2016-05-15 22:03:02.545000,1.13052,1.13048,1120000,370000
2016-05-15 22:03:04.048000,1.13051,1.13048,1120000,370000
2016-05-15 22:03:08.079000,1.13051,1.13038,450000,100000
2016-05-15 22:03:08.358000,1.13051,1.13048,450000,100000
2016-05-15 22:03:08.561000,1.13051,1.13034,450000,100000
2016-05-15 22:03:08.663000,1.13051,1.13036,450000,100000
2016-05-15 22:03:08.967000,1.13051,1.13039,450000,100000
2016-05-15 22:03:09.368000,1.13051,1.13041,450000,450000
2016-05-15 22:03:19.340000,1.13048,1.13041,750000,450000
2016-05-15 22:03:19.391000,1.13048,1.13035,750000,3000000
2016-05-15 22:03:19.959000,1.13049,1.13035,750000,3000000
2016-05-15 22:03:20.473000,1.13050,1.13035,750000,3000000
2016-05-15 22:03:21.044000,1.13049,1.13035,750000,1500000
2016-05-15 22:03:22.521000,1.13051,1.13035,450000,1500000
2016-05-15 22:03:22.673000,1.13051,1.13033,450000,1120000
2016-05-15 22:03:29.331000,1.13050,1.13033,190000,2250000
2016-05-15 22:03:29.858000,1.13051,1.13033,450000,1500000
2016-05-15 22:03:30.213000,1.13053,1.13033,750000,1870000
2016-05-15 22:03:30.264000,1.13056,1.13033,1310000,1870000
2016-05-15 22:03:30.315000,1.13052,1.13033,190000,1870000
2016-05-15 22:03:34.583000,1.13054,1.13033,750000,1120000
2016-05-15 22:03:35.127000,1.13055,1.13033,2060000,1120000
2016-05-15 22:03:35.677000,1.13054,1.13033,750000,1120000
2016-05-15 22:03:36.228000,1.13053,1.13033,190000,1120000
2016-05-15 22:03:37.231000,1.13051,1.13033,190000,1120000
2016-05-15 22:03:41.539000,1.13051,1.13035,450000,750000
2016-05-15 22:03:41.641000,1.13053,1.13035,940000,750000
2016-05-15 22:03:42.362000,1.13046,1.13033,450000,4120000
2016-05-15 22:03:42.464000,1.13051,1.13033,450000,1870000
2016-05-15 22:03:44.702000,1.13051,1.13034,450000,1500000
2016-05-15 22:03:45.223000,1.13051,1.13035,450000,750000
2016-05-15 22:03:45.527000,1.13050,1.13043,750000,100000
2016-05-15 22:03:45.579000,1.13053,1.13043,100000,100000
2016-05-15 22:03:45.630000,1.13055,1.13040,190000,3000000
2016-05-15 22:03:45.732000,1.13054,1.13038,190000,750000
2016-05-15 22:03:46.266000,1.13055,1.13037,1500000,1500000
2016-05-15 22:03:46.469000,1.13053,1.13037,190000,1500000
2016-05-15 22:03:46.570000,1.13055,1.13037,1690000,1500000
2016-05-15 22:03:46.824000,1.13053,1.13037,190000,1500000
2016-05-15 22:03:47.129000,1.13056,1.13041,450000,450000
2016-05-15 22:03:48.603000,1.13052,1.13040,190000,450000
2016-05-15 22:03:48.661000,1.13057,1.13040,450000,450000
2016-05-15 22:03:49.984000,1.13049,1.13039,750000,1500000
2016-05-15 22:03:50.087000,1.13056,1.13038,1570000,2250000
2016-05-15 22:03:50.240000,1.13054,1.13037,190000,2250000
2016-05-15 22:03:50.746000,1.13056,1.13037,1570000,750000
2016-05-15 22:03:50.899000,1.13053,1.13037,190000,2250000
2016-05-15 22:03:51.102000,1.13056,1.13037,450000,2250000
2016-05-15 22:03:51.287000,1.13053,1.13037,190000,2250000
2016-05-15 22:03:51.959000,1.13055,1.13037,190000,750000
2016-05-15 22:03:52.316000,1.13052,1.13038,750000,1500000
2016-05-15 22:03:52.418000,1.13055,1.13038,190000,1500000
2016-05-15 22:03:52.520000,1.13053,1.13038,190000,1500000
2016-05-15 22:03:53.059000,1.13055,1.13037,1120000,2250000
2016-05-15 22:03:53.603000,1.13054,1.13038,190000,1500000
2016-05-15 22:03:54.504000,1.13056,1.13038,450000,1500000
2016-05-15 22:03:54.860000,1.13053,1.13038,190000,1500000
2016-05-15 22:03:55.618000,1.13051,1.13038,450000,1500000
2016-05-15 22:03:59.128000,1.13051,1.13037,450000,2250000
2016-05-15 22:04:02.599000,1.13053,1.13040,2250000,750000
2016-05-15 22:04:02.855000,1.13056,1.13040,3640000,750000
2016-05-15 22:04:03.660000,1.13056,1.13041,1200000,1500000
2016-05-15 22:04:04.210000,1.13056,1.13040,1950000,1000000
2016-05-15 22:04:05.890000,1.13055,1.13040,1000000,1000000
2016-05-15 22:04:05.941000,1.13054,1.13040,1450000,1000000
2016-05-15 22:04:06.313000,1.13055,1.13040,2250000,1000000
2016-05-15 22:04:06.894000,1.13057,1.13040,2890000,3750000
2016-05-15 22:04:07.922000,1.13057,1.13041,2890000,2250000
2016-05-15 22:04:12.232000,1.13055,1.13041,1570000,2250000
2016-05-15 22:04:12.385000,1.13058,1.13044,1000000,1000000
2016-05-15 22:04:12.487000,1.13060,1.13044,3190000,1000000
2016-05-15 22:04:15.715000,1.13059,1.13044,1000000,1000000
2016-05-15 22:04:16.471000,1.13060,1.13044,2440000,1000000
2016-05-15 22:04:17.376000,1.13060,1.13045,2440000,1500000
2016-05-15 22:04:20.355000,1.13060,1.13045,2440000,3000000
2016-05-15 22:04:22.200000,1.13058,1.13045,1000000,3000000
2016-05-15 22:04:22.478000,1.13060,1.13045,1000000,3750000
2016-05-15 22:04:23.083000,1.13061,1.13045,3450000,3750000
2016-05-15 22:04:28.554000,1.13061,1.13047,2250000,1000000
2016-05-15 22:04:28.707000,1.13061,1.13045,2250000,4500000
2016-05-15 22:04:33.023000,1.13061,1.13046,2250000,1500000
2016-05-15 22:04:33.580000,1.13061,1.13048,1500000,1000000
2016-05-15 22:04:33.783000,1.13061,1.13046,1500000,1000000
2016-05-15 22:04:34.423000,1.13061,1.13045,1500000,3750000
2016-05-15 22:04:34.474000,1.13061,1.13048,1500000,1000000
2016-05-15 22:04:35.807000,1.13060,1.13048,1500000,1000000
2016-05-15 22:04:38.220000,1.13060,1.13049,1500000,1500000
2016-05-15 22:04:38.751000,1.13060,1.13048,3000000,1000000
2016-05-15 22:04:39.671000,1.13060,1.13047,3000000,2440000
2016-05-15 22:04:43.885000,1.13060,1.13047,3000000,2360000
2016-05-15 22:04:45.719000,1.13060,1.13049,3000000,1000000
2016-05-15 22:04:47.681000,1.13061,1.13047,2890000,2440000
2016-05-15 22:04:48.187000,1.13061,1.13050,2890000,1000000
2016-05-15 22:04:48.643000,1.13063,1.13050,4500000,3750000
2016-05-15 22:04:49.335000,1.13062,1.13050,1000000,3750000
2016-05-15 22:04:53.793000,1.13062,1.13049,2250000,1000000
2016-05-15 22:04:55.995000,1.13063,1.13049,2250000,1000000
2016-05-15 22:04:56.544000,1.13062,1.13049,1000000,1000000
2016-05-15 22:04:57.100000,1.13063,1.13049,2250000,1000000
2016-05-15 22:04:57.629000,1.13062,1.13049,1000000,1000000
2016-05-15 22:04:59.366000,1.13063,1.13049,2250000,1000000
2016-05-15 22:04:59.867000,1.13062,1.13049,1000000,2250000
2016-05-15 22:05:00.857000,1.13062,1.13049,1250000,2700000
2016-05-15 22:05:00.959000,1.13065,1.13052,1000000,1000000
2016-05-15 22:05:01.466000,1.13066,1.13052,1000000,4500000
2016-05-15 22:05:02.005000,1.13066,1.13053,1000000,1000000
2016-05-15 22:05:02.541000,1.13067,1.13053,1250000,1000000
2016-05-15 22:05:03.687000,1.13068,1.13052,1190000,4500000
2016-05-15 22:05:06.037000,1.13067,1.13053,1250000,1000000
2016-05-15 22:05:06.189000,1.13062,1.13053,1000000,2250000
2016-05-15 22:05:06.704000,1.13063,1.13053,1000000,2250000
2016-05-15 22:05:07.222000,1.13064,1.13053,1000000,3000000
2016-05-15 22:05:08.247000,1.13062,1.13053,1000000,2250000
2016-05-15 22:05:10.160000,1.13063,1.13053,1000000,3000000
2016-05-15 22:05:11.782000,1.13063,1.13052,1000000,3750000
2016-05-15 22:05:12.292000,1.13062,1.13052,1000000,2250000
2016-05-15 22:05:12.957000,1.13063,1.13052,1000000,2250000
2016-05-15 22:05:13.290000,1.13067,1.13053,1250000,1000000
2016-05-15 22:05:13.815000,1.13067,1.13054,1250000,1000000
2016-05-15 22:05:15.159000,1.13067,1.13054,1190000,1000000
2016-05-15 22:05:21.500000,1.13067,1.13053,1250000,1000000
2016-05-15 22:05:22.903000,1.13066,1.13054,1000000,1000000
2016-05-15 22:05:23.826000,1.13066,1.13055,1250000,1000000
2016-05-15 22:05:25.642000,1.13067,1.13054,1190000,1000000
2016-05-15 22:05:26.178000,1.13066,1.13055,1250000,1000000
2016-05-15 22:05:31.244000,1.13065,1.13055,1000000,1000000
2016-05-15 22:05:31.346000,1.13063,1.13055,3000000,1000000
2016-05-15 22:05:31.397000,1.13063,1.13047,3820000,1190000
2016-05-15 22:05:31.499000,1.13063,1.13048,1070000,1570000
2016-05-15 22:05:31.640000,1.13059,1.13050,1000000,1950000
2016-05-15 22:05:31.692000,1.13062,1.13050,1000000,1200000
2016-05-15 22:05:31.793000,1.13058,1.13049,1000000,1500000
2016-05-15 22:05:31.895000,1.13060,1.13049,1000000,1000000
2016-05-15 22:05:32.402000,1.13061,1.13049,1000000,1000000
2016-05-15 22:05:32.941000,1.13061,1.13048,1000000,1500000
2016-05-15 22:05:33.393000,1.13058,1.13047,1000000,1000000
2016-05-15 22:05:33.900000,1.13059,1.13047,1000000,1000000
2016-05-15 22:05:34.544000,1.13059,1.13046,1000000,3450000
2016-05-15 22:05:34.894000,1.13062,1.13050,1000000,5700000
2016-05-15 22:05:35.199000,1.13062,1.13048,1000000,1500000
2016-05-15 22:05:35.503000,1.13060,1.13047,1000000,4500000
2016-05-15 22:05:37.038000,1.13061,1.13047,1000000,4500000
2016-05-15 22:05:37.566000,1.13060,1.13047,1000000,4500000
2016-05-15 22:05:39.751000,1.13061,1.13047,1000000,4500000
2016-05-15 22:05:40.447000,1.13060,1.13047,1000000,2250000
2016-05-15 22:05:40.656000,1.13064,1.13047,2250000,3000000
2016-05-15 22:05:40.758000,1.13064,1.13049,1500000,1000000
2016-05-15 22:05:41.062000,1.13066,1.13049,3190000,2620000
2016-05-15 22:05:41.367000,1.13066,1.13054,2440000,1000000
2016-05-15 22:05:41.897000,1.13066,1.13055,2440000,1000000
2016-05-15 22:05:44.267000,1.13064,1.13055,1000000,1000000
2016-05-15 22:05:44.774000,1.13064,1.13054,2250000,1000000
2016-05-15 22:05:45.592000,1.13064,1.13055,2250000,1000000
2016-05-15 22:05:46.170000,1.13064,1.13054,2250000,1000000
2016-05-15 22:05:47.172000,1.13064,1.13056,1500000,1000000
2016-05-15 22:05:47.764000,1.13064,1.13055,1500000,1000000
2016-05-15 22:05:48.273000,1.13064,1.13056,1500000,1000000
2016-05-15 22:05:52.388000,1.13064,1.13055,1500000,1000000
2016-05-15 22:05:55.637000,1.13064,1.13056,1500000,1000000
2016-05-15 22:05:56.188000,1.13065,1.13056,3190000,1000000
2016-05-15 22:05:57.141000,1.13065,1.13055,3190000,1000000
2016-05-15 22:05:59.318000,1.13065,1.13052,2440000,1000000
2016-05-15 22:06:01.462000,1.13065,1.13048,3190000,2250000
2016-05-15 22:06:19.945000,1.13065,1.13049,2440000,2250000
2016-05-15 22:06:20.249000,1.13062,1.13049,1000000,2440000
2016-05-15 22:06:20.759000,1.13062,1.13049,1450000,2440000
2016-05-15 22:06:29.747000,1.13063,1.13048,1450000,1000000
2016-05-15 22:06:33.639000,1.13063,1.13049,1450000,1000000
2016-05-15 22:06:35.167000,1.13065,1.13049,3190000,1000000
2016-05-15 22:06:35.788000,1.13064,1.13049,1000000,1000000
2016-05-15 22:06:39.729000,1.13064,1.13048,1500000,1500000
2016-05-15 22:06:47.313000,1.13064,1.13047,1690000,4870000
2016-05-15 22:06:47.848000,1.13064,1.13048,1500000,1000000
2016-05-15 22:06:48.641000,1.13064,1.13047,1500000,4870000
2016-05-15 22:06:49.169000,1.13064,1.13048,1500000,1000000
2016-05-15 22:06:49.972000,1.13064,1.13048,1690000,1000000
2016-05-15 22:06:58.435000,1.13063,1.13048,1700000,1000000
2016-05-15 22:06:58.943000,1.13063,1.13049,1450000,1000000
2016-05-15 22:06:59.530000,1.13063,1.13049,1450000,1070000
2016-05-15 22:07:00.324000,1.13063,1.13047,2700000,6450000
2016-05-15 22:07:00.578000,1.13059,1.13046,1000000,2700000
2016-05-15 22:07:00.629000,1.13063,1.13046,3450000,2700000
2016-05-15 22:07:03.863000,1.13060,1.13046,1000000,1200000
2016-05-15 22:07:04.423000,1.13062,1.13046,1950000,1200000
2016-05-15 22:07:09.633000,1.13059,1.13045,1000000,3450000
2016-05-15 22:07:11.266000,1.13061,1.13045,1950000,3450000
2016-05-15 22:07:11.368000,1.13059,1.13043,1000000,3750000
2016-05-15 22:07:11.874000,1.13058,1.13043,2250000,1000000
2016-05-15 22:07:12.380000,1.13058,1.13042,3750000,1500000
2016-05-15 22:07:12.894000,1.13058,1.13043,3750000,1000000
2016-05-15 22:07:16.645000,1.13058,1.13042,2250000,3000000
2016-05-15 22:07:17.178000,1.13058,1.13043,2250000,1000000
2016-05-15 22:07:19.186000,1.13059,1.13043,3000000,1000000
2016-05-15 22:07:19.761000,1.13058,1.13043,1000000,1000000
2016-05-15 22:07:20.393000,1.13059,1.13043,3000000,1000000
2016-05-15 22:07:20.940000,1.13058,1.13043,1000000,1000000
2016-05-15 22:07:21.649000,1.13058,1.13042,1000000,2250000
2016-05-15 22:07:22.169000,1.13058,1.13043,1000000,1000000
2016-05-15 22:07:22.854000,1.13058,1.13042,1000000,1000000
2016-05-15 22:07:23.391000,1.13056,1.13043,1000000,1000000
2016-05-15 22:07:23.862000,1.13056,1.13043,1690000,1000000
2016-05-15 22:07:24.368000,1.13056,1.13041,1690000,1500000
2016-05-15 22:07:27.698000,1.13054,1.13043,1250000,2020000
2016-05-15 22:07:33.498000,1.13053,1.13043,1690000,1550000
2016-05-15 22:07:33.803000,1.13052,1.13040,1190000,2770000
2016-05-15 22:07:36.282000,1.13053,1.13040,1500000,2770000
2016-05-15 22:07:36.605000,1.13053,1.13040,1500000,2020000
2016-05-15 22:07:36.707000,1.13053,1.13038,1690000,3450000
2016-05-15 22:07:37.179000,1.13052,1.13037,1190000,2770000
2016-05-15 22:07:37.826000,1.13052,1.13037,1690000,2320000
2016-05-15 22:07:38.130000,1.13052,1.13037,1690000,1520000
2016-05-15 22:07:40.258000,1.13052,1.13037,1690000,1520000
2016-05-15 22:07:40.508000,1.13052,1.13038,1690000,1550000
2016-05-15 22:07:55.436000,1.13056,1.13040,2020000,2700000
2016-05-15 22:07:55.937000,1.13059,1.13042,2770000,2250000
2016-05-15 22:07:57.978000,1.13059,1.13043,2020000,1000000
2016-05-15 22:07:58.029000,1.13060,1.13044,3070000,1450000
2016-05-15 22:07:58.334000,1.13064,1.13050,1910000,3450000
2016-05-15 22:07:58.435000,1.13064,1.13050,1000000,3450000
2016-05-15 22:07:59.639000,1.13064,1.13050,1300000,2700000
2016-05-15 22:08:02.439000,1.13063,1.13050,1000000,1950000
2016-05-15 22:08:05.691000,1.13060,1.13051,1000000,1350000
2016-05-15 22:08:05.998000,1.13064,1.13056,1000000,1350000
2016-05-15 22:08:06.302000,1.13066,1.13055,1000000,2100000
2016-05-15 22:08:11.888000,1.13065,1.13054,1000000,1600000
2016-05-15 22:08:12.826000,1.13063,1.13053,1000000,2850000
2016-05-15 22:08:22.176000,1.13062,1.13054,1500000,2850000
2016-05-15 22:08:22.750000,1.13063,1.13054,1000000,2850000
2016-05-15 22:08:27.612000,1.13065,1.13054,1250000,2100000
2016-05-15 22:08:29.650000,1.13059,1.13054,1000000,2100000
2016-05-15 22:08:30.182000,1.13059,1.13051,1000000,2850000
2016-05-15 22:08:31.102000,1.13058,1.13051,1000000,2850000
2016-05-15 22:08:32.369000,1.13059,1.13051,1000000,2850000
2016-05-15 22:08:33.002000,1.13058,1.13051,1000000,2850000
2016-05-15 22:08:35.378000,1.13059,1.13051,1000000,2850000
2016-05-15 22:08:36.048000,1.13058,1.13052,1000000,1600000
2016-05-15 22:08:42.422000,1.13061,1.13052,1000000,1600000
2016-05-15 22:08:42.473000,1.13063,1.13055,1200000,2470000
2016-05-15 22:08:42.703000,1.13067,1.13055,1190000,1600000
2016-05-15 22:08:42.754000,1.13067,1.13055,1250000,1600000
2016-05-15 22:08:58.174000,1.13066,1.13055,1000000,1600000
2016-05-15 22:09:19.512000,1.13064,1.13054,1000000,2470000
2016-05-15 22:09:27.348000,1.13065,1.13056,1000000,1350000
2016-05-15 22:09:27.855000,1.13064,1.13055,1000000,1870000
2016-05-15 22:09:28.403000,1.13064,1.13056,1000000,1870000
2016-05-15 22:09:29.995000,1.13067,1.13055,2140000,1870000
2016-05-15 22:09:31.908000,1.13067,1.13055,2140000,1870000
2016-05-15 22:09:32.431000,1.13067,1.13055,2140000,1870000
2016-05-15 22:09:40.679000,1.13066,1.13055,1250000,1870000
2016-05-15 22:09:41.223000,1.13065,1.13055,1000000,1870000
2016-05-15 22:09:41.426000,1.13067,1.13057,1370000,1870000
2016-05-15 22:09:41.477000,1.13067,1.13057,1000000,1870000
2016-05-15 22:09:43.034000,1.13067,1.13058,1200000,1000000
2016-05-15 22:09:49.194000,1.13066,1.13057,1500000,1870000
2016-05-15 22:09:49.701000,1.13066,1.13057,6070000,1870000
2016-05-15 22:09:50.230000,1.13066,1.13056,6450000,1000000
2016-05-15 22:09:51.562000,1.13064,1.13056,1000000,1000000
2016-05-15 22:09:53.009000,1.13064,1.13058,1000000,1000000
2016-05-15 22:09:53.518000,1.13066,1.13058,6820000,1000000
2016-05-15 22:09:56.058000,1.13066,1.13058,5320000,1000000
2016-05-15 22:09:56.571000,1.13066,1.13058,6070000,1000000
2016-05-15 22:09:57.119000,1.13065,1.13058,1350000,1000000
2016-05-15 22:09:57.220000,1.13066,1.13056,5250000,1000000
2016-05-15 22:10:00.515000,1.13065,1.13056,1000000,1250000
2016-05-15 22:10:02.479000,1.13066,1.13056,7390000,1250000
2016-05-15 22:10:02.982000,1.13066,1.13056,7310000,1250000
2016-05-15 22:10:08.094000,1.13061,1.13056,1500000,1250000
2016-05-15 22:10:08.145000,1.13061,1.13054,1500000,1000000
2016-05-15 22:10:08.450000,1.13061,1.13052,6560000,1000000
2016-05-15 22:10:08.956000,1.13061,1.13050,6150000,1190000
2016-05-15 22:10:09.494000,1.13059,1.13050,1250000,1000000
2016-05-15 22:10:10.001000,1.13059,1.13051,1250000,2250000
2016-05-15 22:10:12.216000,1.13060,1.13049,1310000,1000000
2016-05-15 22:10:12.318000,1.13055,1.13047,1000000,1690000
2016-05-15 22:10:12.550000,1.13058,1.13047,1690000,1250000
2016-05-15 22:10:12.804000,1.13055,1.13047,1000000,1250000
2016-05-15 22:11:18.518000,1.13055,1.13048,1000000,2250000
2016-05-15 22:11:19.711000,1.13055,1.13047,1000000,2440000
2016-05-15 22:11:20.249000,1.13055,1.13048,1000000,2250000
2016-05-15 22:11:20.974000,1.13055,1.13047,1000000,2440000
2016-05-15 22:11:21.525000,1.13055,1.13048,1000000,2250000
2016-05-15 22:11:22.038000,1.13055,1.13047,1000000,2440000
2016-05-15 22:11:22.567000,1.13055,1.13048,1000000,2250000
2016-05-15 22:11:23.072000,1.13055,1.13047,1000000,2440000
2016-05-15 22:11:23.574000,1.13055,1.13048,1000000,2250000
2016-05-15 22:11:24.082000,1.13055,1.13047,1000000,2440000
2016-05-15 22:11:24.587000,1.13055,1.13048,1000000,2250000
2016-05-15 22:11:25.198000,1.13055,1.13047,1000000,2440000
2016-05-15 22:11:35.711000,1.13055,1.13045,1000000,1000000
2016-05-15 22:11:35.992000,1.13054,1.13048,1000000,2250000
2016-05-15 22:11:36.246000,1.13057,1.13047,1190000,1250000
2016-05-15 22:11:36.398000,1.13057,1.13049,1190000,1000000
2016-05-15 22:11:36.905000,1.13055,1.13049,1000000,1000000
2016-05-15 22:11:37.750000,1.13056,1.13049,1250000,1000000
2016-05-15 22:11:38.105000,1.13056,1.13047,1250000,1250000
2016-05-15 22:11:39.228000,1.13056,1.13049,1250000,1000000
2016-05-15 22:11:39.734000,1.13055,1.13048,1000000,1000000
2016-05-15 22:11:40.322000,1.13055,1.13049,1000000,1000000
2016-05-15 22:11:40.915000,1.13055,1.13047,1000000,1250000
2016-05-15 22:11:41.017000,1.13055,1.13049,1000000,1000000
2016-05-15 22:11:41.530000,1.13055,1.13048,1250000,1000000
2016-05-15 22:11:42.127000,1.13055,1.13049,1250000,1000000
2016-05-15 22:11:42.493000,1.13055,1.13047,1000000,1000000
2016-05-15 22:12:02.525000,1.13055,1.13046,1000000,2440000
2016-05-15 22:12:03.032000,1.13054,1.13047,1250000,2250000
2016-05-15 22:12:03.577000,1.13054,1.13046,1250000,2440000
2016-05-15 22:12:09.465000,1.13054,1.13044,1250000,1250000
2016-05-15 22:12:26.947000,1.13054,1.13045,1250000,2250000
2016-05-15 22:12:27.473000,1.13055,1.13044,1190000,2440000
2016-05-15 22:12:27.990000,1.13053,1.13044,1000000,2440000
2016-05-15 22:12:53.355000,1.13053,1.13043,1000000,2250000
2016-05-15 22:13:47.172000,1.13053,1.13049,1250000,1000000
2016-05-15 22:13:47.476000,1.13061,1.13053,2060000,1500000
2016-05-15 22:13:47.863000,1.13061,1.13051,1190000,2250000
2016-05-15 22:13:47.914000,1.13061,1.13051,1250000,2250000
2016-05-15 22:13:48.262000,1.13060,1.13051,1190000,2250000
2016-05-15 22:13:52.637000,1.13060,1.13050,6940000,3000000
2016-05-15 22:13:53.042000,1.13061,1.13052,2060000,2250000
2016-05-15 22:13:53.549000,1.13060,1.13051,2440000,1000000
2016-05-15 22:13:54.097000,1.13061,1.13052,3190000,2250000
2016-05-15 22:13:54.844000,1.13060,1.13051,2440000,1000000
2016-05-15 22:13:57.347000,1.13060,1.13049,3560000,2440000
2016-05-15 22:13:57.449000,1.13060,1.13051,5810000,1000000
2016-05-15 22:13:57.855000,1.13061,1.13052,2440000,2250000
2016-05-15 22:13:58.289000,1.13058,1.13052,1250000,2250000
2016-05-15 22:13:58.815000,1.13058,1.13051,1250000,1000000
2016-05-15 22:13:59.359000,1.13059,1.13052,1190000,2250000
2016-05-15 22:13:59.886000,1.13058,1.13052,1190000,2250000
2016-05-15 22:14:00.412000,1.13058,1.13051,1190000,1000000
2016-05-15 22:14:00.959000,1.13058,1.13052,1250000,2250000
2016-05-15 22:14:01.580000,1.13058,1.13051,1250000,1000000
2016-05-15 22:14:02.086000,1.13058,1.13051,1190000,2250000
2016-05-15 22:14:02.614000,1.13058,1.13052,1190000,2250000
2016-05-15 22:14:02.766000,1.13058,1.13050,1190000,1000000
2016-05-15 22:14:02.867000,1.13058,1.13052,1190000,2250000
2016-05-15 22:14:03.374000,1.13058,1.13051,1190000,2250000
2016-05-15 22:14:04.066000,1.13058,1.13052,1190000,2250000
2016-05-15 22:14:04.674000,1.13058,1.13051,1190000,1000000
2016-05-15 22:14:05.281000,1.13058,1.13052,1190000,2250000
2016-05-15 22:14:05.383000,1.13058,1.13050,1190000,2250000
2016-05-15 22:14:05.934000,1.13058,1.13049,1690000,1000000
2016-05-15 22:14:06.693000,1.13058,1.13050,1690000,2250000
2016-05-15 22:14:06.898000,1.13058,1.13048,1690000,1000000
2016-05-15 22:14:07.261000,1.13058,1.13050,1690000,2250000
2016-05-15 22:14:07.372000,1.13058,1.13048,1690000,2250000
2016-05-15 22:14:07.576000,1.13058,1.13050,1690000,1000000
2016-05-15 22:14:07.852000,1.13058,1.13048,1690000,2250000
2016-05-15 22:14:08.376000,1.13058,1.13049,1690000,2250000
2016-05-15 22:14:08.882000,1.13058,1.13048,1250000,2250000
2016-05-15 22:14:09.426000,1.13058,1.13049,1690000,2250000
2016-05-15 22:14:10.085000,1.13058,1.13048,1690000,2250000
2016-05-15 22:14:10.592000,1.13058,1.13049,1690000,1000000
2016-05-15 22:14:11.207000,1.13058,1.13050,1690000,2250000
2016-05-15 22:14:11.713000,1.13058,1.13049,1690000,2250000
2016-05-15 22:14:12.373000,1.13058,1.13048,1690000,2250000
2016-05-15 22:14:12.919000,1.13058,1.13049,1690000,2250000
2016-05-15 22:14:13.288000,1.13058,1.13051,1690000,1000000
2016-05-15 22:14:13.592000,1.13058,1.13049,1690000,2250000
2016-05-15 22:14:13.694000,1.13058,1.13051,1690000,1000000
2016-05-15 22:14:13.867000,1.13058,1.13049,1690000,2250000
2016-05-15 22:14:15.082000,1.13058,1.13048,1690000,2250000
2016-05-15 22:14:15.191000,1.13058,1.13050,1690000,1000000
2016-05-15 22:14:15.496000,1.13058,1.13048,1690000,2250000
2016-05-15 22:14:15.598000,1.13058,1.13050,1690000,2250000
2016-05-15 22:14:15.858000,1.13058,1.13048,1690000,2250000
2016-05-15 22:14:15.959000,1.13058,1.13050,1690000,1000000
2016-05-15 22:14:16.296000,1.13058,1.13048,1690000,2250000
2016-05-15 22:14:16.397000,1.13058,1.13050,1690000,2250000
2016-05-15 22:14:16.696000,1.13058,1.13048,1690000,2250000
2016-05-15 22:14:16.798000,1.13058,1.13050,1250000,2250000
2016-05-15 22:14:17.102000,1.13058,1.13048,1250000,2250000
2016-05-15 22:14:17.203000,1.13058,1.13050,1250000,2250000
2016-05-15 22:14:17.507000,1.13058,1.13047,1250000,2250000
2016-05-15 22:14:17.609000,1.13058,1.13050,1690000,1000000
2016-05-15 22:14:17.913000,1.13046,1.13043,4500000,1000000
2016-05-15 22:14:18.238000,1.13046,1.13042,1190000,2250000
2016-05-15 22:14:19.905000,1.13046,1.13041,1190000,2250000
2016-05-15 22:14:20.455000,1.13046,1.13041,1190000,2250000
2016-05-15 22:14:22.667000,1.13046,1.13043,1190000,2250000
2016-05-15 22:14:22.888000,1.13046,1.13041,1190000,2250000
2016-05-15 22:14:22.990000,1.13048,1.13043,1190000,2250000
2016-05-15 22:14:23.314000,1.13046,1.13041,1190000,2250000
2016-05-15 22:14:23.770000,1.13046,1.13043,1190000,2250000
2016-05-15 22:14:23.985000,1.13046,1.13041,1190000,2250000
2016-05-15 22:14:24.088000,1.13046,1.13043,1190000,2250000
2016-05-15 22:14:24.392000,1.13046,1.13041,1190000,2250000
2016-05-15 22:14:24.493000,1.13046,1.13043,1190000,2250000
2016-05-15 22:14:24.696000,1.13046,1.13041,1190000,2250000
2016-05-15 22:14:24.798000,1.13046,1.13043,1190000,2250000
2016-05-15 22:14:25.001000,1.13046,1.13041,1190000,2250000
2016-05-15 22:14:25.671000,1.13046,1.13042,1190000,2250000
2016-05-15 22:14:26.178000,1.13046,1.13041,1190000,2250000
2016-05-15 22:14:26.706000,1.13046,1.13042,1190000,2250000
2016-05-15 22:14:27.275000,1.13046,1.13041,1190000,2250000
2016-05-15 22:14:27.777000,1.13046,1.13042,1190000,2250000
2016-05-15 22:14:28.310000,1.13046,1.13041,1190000,2250000
2016-05-15 22:14:28.875000,1.13046,1.13042,1190000,2250000
2016-05-15 22:14:29.512000,1.13046,1.13041,1190000,2250000
2016-05-15 22:14:30.029000,1.13046,1.13042,1190000,2250000
2016-05-15 22:14:30.587000,1.13046,1.13041,1190000,2250000
2016-05-15 22:14:31.112000,1.13046,1.13042,1190000,2250000
2016-05-15 22:14:31.618000,1.13046,1.13040,1190000,2250000
2016-05-15 22:14:31.821000,1.13046,1.13042,1190000,2250000
2016-05-15 22:14:32.330000,1.13046,1.13041,1190000,2250000
2016-05-15 22:14:32.887000,1.13046,1.13042,1190000,2250000
2016-05-15 22:14:33.486000,1.13046,1.13041,1190000,2250000
2016-05-15 22:14:33.993000,1.13046,1.13042,1190000,2250000
2016-05-15 22:14:34.648000,1.13046,1.13041,1190000,2250000
2016-05-15 22:14:35.155000,1.13046,1.13042,1190000,2250000
2016-05-15 22:14:35.681000,1.13046,1.13041,1190000,2250000
2016-05-15 22:14:36.232000,1.13046,1.13042,1190000,2250000
2016-05-15 22:14:36.746000,1.13046,1.13041,1190000,2250000
2016-05-15 22:14:37.252000,1.13046,1.13040,1190000,2250000
2016-05-15 22:14:37.685000,1.13046,1.13042,1190000,2250000
2016-05-15 22:14:37.893000,1.13046,1.13040,1190000,2250000
2016-05-15 22:14:37.995000,1.13046,1.13042,1190000,2250000
2016-05-15 22:14:38.603000,1.13046,1.13041,1190000,2250000
2016-05-15 22:14:39.110000,1.13046,1.13042,1190000,2250000
2016-05-15 22:14:39.831000,1.13046,1.13041,1190000,2250000
2016-05-15 22:14:46.023000,1.13046,1.13039,1190000,1000000
2016-05-15 22:14:53.677000,1.13046,1.13038,1190000,2250000
2016-05-15 22:14:54.184000,1.13046,1.13039,1190000,1500000
2016-05-15 22:14:56.882000,1.13046,1.13038,1190000,2250000
2016-05-15 22:14:57.584000,1.13046,1.13039,1190000,1500000
2016-05-15 22:14:58.073000,1.13049,1.13048,1250000,2250000
2016-05-15 22:14:58.327000,1.13055,1.13049,1690000,1500000
2016-05-15 22:14:59.692000,1.13055,1.13048,1250000,3750000
2016-05-15 22:15:00.242000,1.13056,1.13049,1540000,2250000
2016-05-15 22:15:06.605000,1.13056,1.13048,1540000,2250000
2016-05-15 22:15:07.168000,1.13056,1.13049,1540000,2250000
2016-05-15 22:15:07.858000,1.13056,1.13048,1540000,2250000
2016-05-15 22:15:08.363000,1.13056,1.13049,1540000,2250000
2016-05-15 22:15:15.125000,1.13053,1.13049,1250000,1500000
2016-05-15 22:15:15.632000,1.13053,1.13048,1250000,2250000
2016-05-15 22:15:16.178000,1.13053,1.13049,1250000,1500000
2016-05-15 22:15:17.028000,1.13053,1.13048,1250000,1500000
2016-05-15 22:15:17.538000,1.13053,1.13049,1250000,1500000
2016-05-15 22:15:20.739000,1.13053,1.13048,1250000,2250000
2016-05-15 22:15:21.287000,1.13053,1.13049,1250000,1500000
2016-05-15 22:15:22.740000,1.13053,1.13048,1250000,1500000
2016-05-15 22:15:23.242000,1.13053,1.13049,1250000,1500000
2016-05-15 22:15:24.520000,1.13053,1.13048,1250000,2250000
2016-05-15 22:15:25.045000,1.13053,1.13049,1250000,1500000
2016-05-15 22:15:25.847000,1.13053,1.13048,1250000,2250000
2016-05-15 22:15:26.397000,1.13053,1.13049,1250000,1500000
2016-05-15 22:15:27.048000,1.13053,1.13048,1250000,2250000
2016-05-15 22:15:27.751000,1.13053,1.13049,1250000,1500000
2016-05-15 22:15:28.351000,1.13053,1.13048,1250000,2250000
2016-05-15 22:15:28.898000,1.13053,1.13049,1250000,1500000
2016-05-15 22:15:33.914000,1.13054,1.13052,1250000,1000000
2016-05-15 22:15:34.042000,1.13057,1.13054,1690000,1500000
2016-05-15 22:15:34.863000,1.13057,1.13053,1190000,3370000
2016-05-15 22:15:35.369000,1.13057,1.13054,1190000,1500000
2016-05-15 22:15:35.952000,1.13057,1.13053,1190000,2250000
2016-05-15 22:15:36.516000,1.13057,1.13054,1190000,1500000
2016-05-15 22:15:43.081000,1.13057,1.13053,1190000,2250000
2016-05-15 22:15:43.630000,1.13057,1.13054,1190000,1500000
2016-05-15 22:15:44.151000,1.13057,1.13053,1190000,2250000
2016-05-15 22:15:44.678000,1.13057,1.13054,1190000,1500000
2016-05-15 22:15:45.683000,1.13057,1.13053,1190000,2250000
2016-05-15 22:15:46.184000,1.13057,1.13054,1190000,1500000
2016-05-15 22:15:49.589000,1.13057,1.13053,1190000,2250000
2016-05-15 22:15:50.090000,1.13057,1.13054,1190000,1500000
2016-05-15 22:15:50.672000,1.13057,1.13053,1190000,2250000
2016-05-15 22:15:51.208000,1.13057,1.13054,1190000,1500000
2016-05-15 22:15:52.175000,1.13057,1.13053,1190000,2250000
2016-05-15 22:15:52.821000,1.13057,1.13054,1190000,1500000
2016-05-15 22:15:54.697000,1.13057,1.13053,1190000,2250000
2016-05-15 22:15:55.254000,1.13057,1.13054,1190000,1500000
2016-05-15 22:15:58.319000,1.13057,1.13053,1190000,2250000
2016-05-15 22:15:58.858000,1.13057,1.13054,1190000,1500000
2016-05-15 22:16:00.007000,1.13057,1.13052,1190000,2250000
2016-05-15 22:16:00.058000,1.13057,1.13050,1190000,8250000
2016-05-15 22:16:00.564000,1.13057,1.13049,1190000,1500000
2016-05-15 22:16:02.302000,1.13057,1.13048,1690000,3750000
2016-05-15 22:16:02.828000,1.13057,1.13049,1690000,1500000
2016-05-15 22:16:04.719000,1.13057,1.13048,1690000,3750000
2016-05-15 22:16:05.226000,1.13057,1.13049,1690000,1500000
2016-05-15 22:16:06.520000,1.13057,1.13048,1690000,3000000
2016-05-15 22:16:07.022000,1.13057,1.13049,1690000,1500000
2016-05-15 22:16:08.527000,1.13057,1.13048,1690000,2620000
2016-05-15 22:16:09.034000,1.13057,1.13049,1690000,1500000
2016-05-15 22:16:11.156000,1.13055,1.13049,1190000,1500000
2016-05-15 22:16:12.740000,1.13055,1.13048,1190000,3000000
2016-05-15 22:16:13.430000,1.13055,1.13049,1190000,1500000
2016-05-15 22:16:14.465000,1.13055,1.13048,1190000,2620000
2016-05-15 22:16:14.999000,1.13055,1.13049,1190000,1500000
2016-05-15 22:16:16.543000,1.13055,1.13048,1190000,2620000
2016-05-15 22:16:17.051000,1.13055,1.13049,1190000,1500000
2016-05-15 22:16:17.847000,1.13055,1.13048,1190000,2620000
2016-05-15 22:16:18.395000,1.13055,1.13049,1190000,1500000
2016-05-15 22:16:19.487000,1.13055,1.13048,1190000,2620000
2016-05-15 22:16:20.001000,1.13055,1.13049,1190000,1500000
2016-05-15 22:16:22.372000,1.13055,1.13048,1190000,3000000
2016-05-15 22:16:22.960000,1.13055,1.13049,1190000,1500000
2016-05-15 22:16:23.474000,1.13055,1.13048,1190000,3000000
2016-05-15 22:16:23.976000,1.13055,1.13049,1190000,1500000
2016-05-15 22:16:26.079000,1.13055,1.13048,1190000,3000000
2016-05-15 22:16:26.626000,1.13055,1.13049,1190000,1500000
2016-05-15 22:16:28.063000,1.13055,1.13050,1190000,1500000
2016-05-15 22:16:28.576000,1.13055,1.13049,1190000,1500000
2016-05-15 22:16:29.630000,1.13056,1.13053,1190000,1000000
2016-05-15 22:16:30.131000,1.13058,1.13054,1190000,1000000
2016-05-15 22:16:33.988000,1.13058,1.13053,1190000,3000000
2016-05-15 22:16:34.494000,1.13058,1.13054,1190000,1500000
2016-05-15 22:16:34.646000,1.13056,1.13051,1190000,1500000
2016-05-15 22:16:34.697000,1.13056,1.13049,1190000,6750000
2016-05-15 22:16:35.457000,1.13055,1.13049,1190000,2250000
2016-05-15 22:17:08.134000,1.13055,1.13048,1310000,1500000
2016-05-15 22:17:08.716000,1.13055,1.13049,1310000,1500000
2016-05-15 22:17:10.052000,1.13055,1.13048,1310000,1500000
2016-05-15 22:17:10.593000,1.13055,1.13049,1310000,1500000
2016-05-15 22:17:12.047000,1.13055,1.13048,1310000,1500000
2016-05-15 22:17:12.597000,1.13055,1.13049,1310000,1500000
2016-05-15 22:17:13.581000,1.13055,1.13048,1310000,1500000
2016-05-15 22:17:14.098000,1.13055,1.13049,1310000,1500000
2016-05-15 22:17:15.086000,1.13055,1.13048,1310000,1500000
2016-05-15 22:17:15.611000,1.13055,1.13049,2060000,1500000
2016-05-15 22:17:17.595000,1.13055,1.13048,2060000,1500000
2016-05-15 22:17:18.117000,1.13055,1.13049,2060000,1500000
2016-05-15 22:17:19.658000,1.13055,1.13048,2060000,1500000
2016-05-15 22:17:20.177000,1.13055,1.13049,2060000,1500000
2016-05-15 22:17:26.572000,1.13053,1.13048,1000000,1500000
2016-05-15 22:17:27.075000,1.13053,1.13049,1000000,1500000
2016-05-15 22:17:28.476000,1.13053,1.13048,1000000,1500000
2016-05-15 22:17:28.977000,1.13053,1.13049,1000000,1500000
2016-05-15 22:17:32.481000,1.13053,1.13048,1000000,1500000
2016-05-15 22:17:33.005000,1.13054,1.13049,1250000,1500000
2016-05-15 22:17:36.693000,1.13054,1.13048,1250000,1500000
2016-05-15 22:17:37.290000,1.13054,1.13049,1250000,1500000
2016-05-15 22:17:37.892000,1.13054,1.13048,1250000,1500000
2016-05-15 22:17:38.399000,1.13054,1.13049,1250000,1500000
2016-05-15 22:17:38.931000,1.13054,1.13049,1190000,1500000
2016-05-15 22:17:39.800000,1.13054,1.13048,1190000,1500000
2016-05-15 22:17:40.347000,1.13054,1.13049,1190000,1500000
2016-05-15 22:17:41.302000,1.13054,1.13048,1190000,1500000
2016-05-15 22:17:41.851000,1.13054,1.13049,1190000,1500000
2016-05-15 22:17:47.824000,1.13054,1.13048,1190000,1500000
2016-05-15 22:17:48.369000,1.13054,1.13049,1190000,1500000
2016-05-15 22:17:50.330000,1.13054,1.13048,1190000,1500000
2016-05-15 22:17:50.832000,1.13054,1.13049,1190000,1500000
2016-05-15 22:17:52.330000,1.13054,1.13048,1190000,1500000
2016-05-15 22:17:53.034000,1.13054,1.13049,1190000,1500000
2016-05-15 22:17:54.037000,1.13054,1.13048,1190000,1500000
2016-05-15 22:17:54.538000,1.13054,1.13049,1190000,1500000
2016-05-15 22:17:55.844000,1.13054,1.13049,1250000,1500000
2016-05-15 22:17:56.944000,1.13054,1.13048,1250000,1500000
2016-05-15 22:17:57.495000,1.13054,1.13049,1250000,1500000
2016-05-15 22:17:58.049000,1.13054,1.13048,1250000,1500000
2016-05-15 22:17:58.594000,1.13054,1.13049,1250000,1500000
2016-05-15 22:17:59.954000,1.13054,1.13048,1250000,1500000
2016-05-15 22:18:00.493000,1.13054,1.13049,1250000,1500000
2016-05-15 22:18:01.013000,1.13054,1.13048,1250000,1000000
2016-05-15 22:18:02.762000,1.13054,1.13047,1250000,1870000
2016-05-15 22:18:03.067000,1.13048,1.13045,1400000,1000000
2016-05-15 22:18:03.118000,1.13048,1.13042,1840000,1000000
2016-05-15 22:18:03.169000,1.13048,1.13039,2440000,1500000
2016-05-15 22:18:03.676000,1.13045,1.13039,1250000,1500000
2016-05-15 22:18:04.876000,1.13045,1.13038,1250000,1000000
2016-05-15 22:18:06.474000,1.13045,1.13037,1250000,3000000
2016-05-15 22:18:06.976000,1.13045,1.13038,1250000,1000000
2016-05-15 22:18:10.692000,1.13045,1.13037,1250000,2250000
2016-05-15 22:18:11.202000,1.13045,1.13038,1250000,1000000
2016-05-15 22:18:11.997000,1.13045,1.13037,1250000,2250000
2016-05-15 22:18:12.505000,1.13045,1.13038,1250000,1000000
2016-05-15 22:18:14.403000,1.13044,1.13037,3000000,1000000
2016-05-15 22:18:14.455000,1.13041,1.13037,1190000,1000000
2016-05-15 22:18:14.557000,1.13041,1.13034,1190000,4500000
2016-05-15 22:18:17.810000,1.13041,1.13033,1190000,3000000
2016-05-15 22:18:18.314000,1.13041,1.13034,1190000,1500000
2016-05-15 22:18:19.618000,1.13041,1.13033,1190000,2250000
2016-05-15 22:18:20.124000,1.13041,1.13034,1190000,1500000
2016-05-15 22:18:23.029000,1.13041,1.13033,1190000,3000000
2016-05-15 22:18:23.531000,1.13041,1.13034,1190000,1500000
2016-05-15 22:18:24.076000,1.13041,1.13033,1190000,3000000
2016-05-15 22:18:24.594000,1.13041,1.13034,1190000,3370000
2016-05-15 22:18:29.550000,1.13041,1.13034,1190000,4120000
2016-05-15 22:18:30.242000,1.13041,1.13034,1190000,4120000
2016-05-15 22:18:32.798000,1.13042,1.13034,1690000,4120000
2016-05-15 22:18:33.203000,1.13041,1.13033,1690000,3000000
2016-05-15 22:18:33.808000,1.13041,1.13034,1690000,1500000
2016-05-15 22:18:35.518000,1.13041,1.13033,1690000,1500000
2016-05-15 22:18:36.068000,1.13041,1.13034,1690000,1000000
2016-05-15 22:18:37.609000,1.13041,1.13033,1690000,1500000
2016-05-15 22:18:38.110000,1.13041,1.13034,2440000,1000000
2016-05-15 22:18:41.835000,1.13041,1.13033,2440000,1500000
2016-05-15 22:18:42.386000,1.13041,1.13034,2440000,1000000
2016-05-15 22:18:42.890000,1.13041,1.13033,2440000,1500000
2016-05-15 22:18:43.439000,1.13041,1.13034,2810000,1000000
2016-05-15 22:18:44.645000,1.13041,1.13033,3560000,1000000
2016-05-15 22:18:45.195000,1.13041,1.13034,3560000,1000000
2016-05-15 22:18:46.235000,1.13041,1.13033,3560000,1000000
2016-05-15 22:18:46.799000,1.13041,1.13034,3560000,1000000
2016-05-15 22:18:47.953000,1.13041,1.13033,3560000,1000000
2016-05-15 22:18:48.454000,1.13041,1.13034,3560000,1000000
2016-05-15 22:18:50.358000,1.13041,1.13033,3560000,1000000
2016-05-15 22:18:50.909000,1.13041,1.13034,3560000,1000000
2016-05-15 22:18:53.767000,1.13041,1.13033,5060000,1000000
2016-05-15 22:18:54.416000,1.13041,1.13034,5060000,1000000
2016-05-15 22:18:55.170000,1.13041,1.13033,5060000,1000000
2016-05-15 22:18:55.774000,1.13041,1.13034,5060000,1000000
2016-05-15 22:18:56.571000,1.13041,1.13033,5060000,1000000
2016-05-15 22:18:57.079000,1.13041,1.13034,5060000,1000000
2016-05-15 22:18:57.774000,1.13041,1.13033,5060000,1000000
2016-05-15 22:18:58.277000,1.13041,1.13034,5060000,1000000
2016-05-15 22:19:01.386000,1.13040,1.13033,1190000,1000000
2016-05-15 22:19:01.934000,1.13040,1.13034,1310000,1000000
2016-05-15 22:19:03.688000,1.13040,1.13033,1310000,1000000
2016-05-15 22:19:04.229000,1.13040,1.13034,1310000,1500000
2016-05-15 22:19:04.331000,1.13037,1.13034,1000000,1500000
2016-05-15 22:19:04.382000,1.13035,1.13030,1250000,1000000
2016-05-15 22:19:04.636000,1.13035,1.13027,3190000,1500000
2016-05-15 22:19:04.687000,1.13035,1.13029,4310000,1500000
2016-05-15 22:19:05.295000,1.13035,1.13028,2810000,1500000
2016-05-15 22:19:05.834000,1.13035,1.13029,2810000,1500000
2016-05-15 22:19:08.199000,1.13035,1.13028,2810000,1500000
2016-05-15 22:19:08.802000,1.13035,1.13029,2810000,1500000
2016-05-15 22:19:10.006000,1.13035,1.13029,2810000,1500000
2016-05-15 22:19:11.115000,1.13035,1.13028,4310000,1500000
2016-05-15 22:19:11.667000,1.13035,1.13029,5440000,1500000
2016-05-15 22:19:14.172000,1.13035,1.13028,4310000,1500000
2016-05-15 22:19:14.816000,1.13035,1.13029,5810000,1500000
2016-05-15 22:19:16.378000,1.13035,1.13028,4310000,1500000
2016-05-15 22:19:16.921000,1.13035,1.13029,5440000,1500000
2016-05-15 22:19:18.226000,1.13035,1.13028,4310000,1500000
2016-05-15 22:19:18.776000,1.13035,1.13029,5810000,1500000
2016-05-15 22:19:20.030000,1.13035,1.13028,3940000,1500000
2016-05-15 22:19:20.580000,1.13035,1.13029,5810000,1500000
2016-05-15 22:19:22.330000,1.13035,1.13028,5810000,1000000
2016-05-15 22:19:22.837000,1.13035,1.13029,5810000,1000000
2016-05-15 22:19:23.183000,1.13032,1.13028,1190000,1000000
2016-05-15 22:19:23.240000,1.13030,1.13025,1250000,1000000
2016-05-15 22:19:23.291000,1.13028,1.13025,1190000,1000000
2016-05-15 22:19:23.343000,1.13028,1.13023,1190000,1500000
2016-05-15 22:19:23.546000,1.13028,1.13021,1690000,3450000
2016-05-15 22:19:24.052000,1.13028,1.13022,1190000,1000000
2016-05-15 22:19:24.590000,1.13028,1.13021,1190000,7350000
2016-05-15 22:19:25.097000,1.13028,1.13024,3190000,1500000
2016-05-15 22:19:26.700000,1.13028,1.13023,1690000,3000000
2016-05-15 22:19:27.248000,1.13028,1.13024,3190000,1500000
2016-05-15 22:19:28.610000,1.13028,1.13023,1690000,3000000
2016-05-15 22:19:29.156000,1.13028,1.13024,3190000,1500000
2016-05-15 22:19:31.262000,1.13028,1.13023,1190000,2250000
2016-05-15 22:19:31.549000,1.13029,1.13024,2440000,1500000
2016-05-15 22:19:32.259000,1.13029,1.13023,1190000,1500000
2016-05-15 22:19:32.912000,1.13029,1.13024,2440000,1500000
2016-05-15 22:19:34.850000,1.13029,1.13023,2440000,1000000
2016-05-15 22:19:35.669000,1.13029,1.13024,2440000,1000000
2016-05-15 22:19:36.236000,1.13029,1.13023,2440000,1500000
2016-05-15 22:19:36.763000,1.13030,1.13024,4690000,1500000
2016-05-15 22:19:37.969000,1.13030,1.13023,3560000,1500000
2016-05-15 22:19:40.977000,1.13030,1.13022,3560000,2250000
2016-05-15 22:19:41.180000,1.13030,1.13024,4690000,1500000
2016-05-15 22:19:42.861000,1.13030,1.13023,3190000,2620000
2016-05-15 22:19:43.385000,1.13030,1.13024,4690000,1500000
2016-05-15 22:19:45.169000,1.13030,1.13023,1690000,3000000
2016-05-15 22:19:45.677000,1.13030,1.13024,4690000,1500000
2016-05-15 22:19:47.383000,1.13030,1.13023,3190000,3000000
2016-05-15 22:19:47.915000,1.13030,1.13024,4690000,1500000
2016-05-15 22:19:49.199000,1.13030,1.13023,3190000,3000000
2016-05-15 22:19:49.797000,1.13030,1.13024,4690000,1500000
2016-05-15 22:19:50.803000,1.13030,1.13023,1690000,2250000
2016-05-15 22:19:51.324000,1.13030,1.13024,1690000,1500000
2016-05-15 22:19:52.292000,1.13030,1.13023,1690000,2250000
2016-05-15 22:19:52.805000,1.13030,1.13024,1690000,1500000
2016-05-15 22:19:56.422000,1.13030,1.13023,1690000,3750000
2016-05-15 22:19:56.772000,1.13028,1.13022,1190000,3000000
2016-05-15 22:20:02.338000,1.13028,1.13023,1190000,1000000
2016-05-15 22:20:06.125000,1.13028,1.13022,1190000,3750000
2016-05-15 22:20:06.935000,1.13028,1.13024,1190000,1000000
2016-05-15 22:20:07.644000,1.13028,1.13023,1190000,1000000
2016-05-15 22:20:08.751000,1.13028,1.13024,1190000,1000000
2016-05-15 22:20:10.543000,1.13028,1.13025,1190000,1000000
2016-05-15 22:20:11.049000,1.13028,1.13024,1190000,1000000
2016-05-15 22:20:11.594000,1.13028,1.13025,1190000,1000000
2016-05-15 22:20:14.568000,1.13029,1.13025,2440000,1000000
2016-05-15 22:20:15.262000,1.13029,1.13024,1250000,1000000
2016-05-15 22:20:15.806000,1.13029,1.13022,1250000,3190000
2016-05-15 22:20:25.004000,1.13028,1.13022,1190000,2250000
2016-05-15 22:20:28.883000,1.13028,1.13021,1190000,3000000
2016-05-15 22:20:39.762000,1.13028,1.13021,1190000,4950000
2016-05-15 22:20:40.270000,1.13028,1.13021,1190000,2320000
2016-05-15 22:20:42.870000,1.13029,1.13021,1190000,1570000
2016-05-15 22:20:46.982000,1.13029,1.13022,1190000,1500000
2016-05-15 22:20:47.287000,1.13029,1.13024,1190000,1500000
2016-05-15 22:20:48.436000,1.13029,1.13023,1190000,1500000
2016-05-15 22:20:48.940000,1.13029,1.13024,1190000,1500000
2016-05-15 22:20:50.143000,1.13029,1.13023,1190000,1500000
2016-05-15 22:20:50.649000,1.13029,1.13024,1190000,1500000
2016-05-15 22:20:51.837000,1.13029,1.13023,1190000,1500000
2016-05-15 22:20:52.346000,1.13029,1.13024,1190000,1500000
2016-05-15 22:20:52.893000,1.13028,1.13023,1190000,1500000
2016-05-15 22:20:53.394000,1.13028,1.13024,1190000,1500000
2016-05-15 22:20:55.413000,1.13028,1.13023,1190000,1500000
2016-05-15 22:20:55.920000,1.13028,1.13024,1190000,1500000
2016-05-15 22:20:56.552000,1.13028,1.13023,1190000,1500000
2016-05-15 22:20:57.102000,1.13028,1.13024,1190000,1500000
2016-05-15 22:20:58.054000,1.13028,1.13023,1190000,1500000
2016-05-15 22:20:58.632000,1.13028,1.13024,1190000,1500000
2016-05-15 22:21:01.128000,1.13028,1.13023,1190000,1500000
2016-05-15 22:21:01.653000,1.13028,1.13024,1190000,1500000
2016-05-15 22:21:04.036000,1.13028,1.13021,1190000,3000000
2016-05-15 22:21:06.275000,1.13028,1.13022,1190000,1000000
2016-05-15 22:21:06.790000,1.13028,1.13021,1190000,3750000
2016-05-15 22:21:08.920000,1.13028,1.13022,1190000,1000000
2016-05-15 22:21:09.429000,1.13028,1.13021,1190000,3000000
2016-05-15 22:21:10.431000,1.13028,1.13022,1190000,1000000
2016-05-15 22:21:12.950000,1.13028,1.13024,1190000,1000000
2016-05-15 22:21:13.254000,1.13028,1.13021,1190000,3000000
2016-05-15 22:21:13.788000,1.13028,1.13022,1190000,1000000
2016-05-15 22:21:15.777000,1.13028,1.13023,1190000,1000000
2016-05-15 22:21:16.293000,1.13028,1.13022,1190000,1000000
2016-05-15 22:21:23.924000,1.13028,1.13021,1190000,3000000
2016-05-15 22:21:24.432000,1.13028,1.13022,1190000,1000000
2016-05-15 22:21:25.622000,1.13028,1.13021,1190000,3000000
2016-05-15 22:21:30.180000,1.13028,1.13022,1190000,1000000
2016-05-15 22:21:30.851000,1.13028,1.13021,1190000,3000000
2016-05-15 22:21:37.842000,1.13029,1.13021,1690000,3000000
2016-05-15 22:21:40.794000,1.13028,1.13021,1190000,3000000
2016-05-15 22:21:43.148000,1.13029,1.13021,1250000,3190000
2016-05-15 22:21:55.683000,1.13030,1.13024,2060000,1000000
2016-05-15 22:21:56.227000,1.13030,1.13023,3560000,1250000
2016-05-15 22:22:15.746000,1.13030,1.13024,2060000,1000000
2016-05-15 22:22:16.330000,1.13030,1.13023,2060000,1690000
2016-05-15 22:22:16.824000,1.13030,1.13027,2060000,1000000
2016-05-15 22:22:16.876000,1.13031,1.13025,3560000,1190000
2016-05-15 22:22:17.079000,1.13031,1.13029,2250000,1000000
2016-05-15 22:22:17.182000,1.13033,1.13030,1000000,3000000
2016-05-15 22:22:17.234000,1.13035,1.13033,1120000,1000000
2016-05-15 22:22:17.387000,1.13038,1.13035,1190000,1000000
2016-05-15 22:22:17.438000,1.13040,1.13035,1310000,1000000
2016-05-15 22:22:17.541000,1.13042,1.13037,1000000,1250000
2016-05-15 22:22:18.111000,1.13044,1.13036,1190000,1190000
2016-05-15 22:22:18.325000,1.13044,1.13039,1190000,1000000
2016-05-15 22:22:18.831000,1.13045,1.13038,2810000,1000000
2016-05-15 22:22:20.506000,1.13045,1.13039,2250000,1250000
2016-05-15 22:22:24.546000,1.13045,1.13035,2060000,3260000
2016-05-15 22:22:24.900000,1.13045,1.13035,6000000,4010000
2016-05-15 22:22:25.154000,1.13045,1.13035,6000000,1260000
2016-05-15 22:22:25.819000,1.13045,1.13036,2780000,1290000
2016-05-15 22:22:29.980000,1.13045,1.13035,1190000,4760000
2016-05-15 22:22:30.891000,1.13046,1.13037,4390000,1190000
2016-05-15 22:22:37.218000,1.13045,1.13036,10460000,1190000
2016-05-15 22:22:37.270000,1.13042,1.13034,1400000,5510000
2016-05-15 22:22:44.485000,1.13042,1.13037,1850000,1000000
2016-05-15 22:22:45.608000,1.13042,1.13036,1850000,1250000
2016-05-15 22:23:15.382000,1.13042,1.13037,1850000,1000000
2016-05-15 22:23:16.663000,1.13044,1.13036,4540000,1250000
2016-05-15 22:23:19.687000,1.13044,1.13042,4200000,1250000
2016-05-15 22:23:19.817000,1.13045,1.13042,1690000,1500000
2016-05-15 22:23:19.868000,1.13045,1.13039,1250000,1690000
2016-05-15 22:23:23.348000,1.13045,1.13037,2060000,2440000
2016-05-15 22:23:29.108000,1.13045,1.13038,3190000,1000000
2016-05-15 22:23:35.443000,1.13045,1.13038,2060000,2440000
2016-05-15 22:23:36.077000,1.13041,1.13037,3750000,1690000
2016-05-15 22:23:36.128000,1.13041,1.13036,8250000,4690000
2016-05-15 22:23:36.331000,1.13041,1.13035,10310000,2250000
2016-05-15 22:23:41.874000,1.13041,1.13034,8810000,5440000
2016-05-15 22:23:56.423000,1.13041,1.13034,11060000,3750000
2016-05-15 22:23:56.925000,1.13041,1.13034,11060000,3750000
2016-05-15 22:23:57.870000,1.13041,1.13034,11060000,3750000
2016-05-15 22:23:58.379000,1.13041,1.13034,11060000,3750000
2016-05-15 22:23:58.924000,1.13041,1.13034,11060000,3750000
2016-05-15 22:23:59.425000,1.13041,1.13034,11060000,1000000
2016-05-15 22:24:02.296000,1.13041,1.13034,11060000,3750000
2016-05-15 22:24:02.839000,1.13041,1.13034,11060000,3750000
2016-05-15 22:24:04.345000,1.13041,1.13034,11060000,3750000
2016-05-15 22:24:04.858000,1.13041,1.13034,11060000,3750000
2016-05-15 22:24:06.148000,1.13041,1.13034,11060000,3750000
2016-05-15 22:24:06.767000,1.13041,1.13034,11060000,3750000
2016-05-15 22:24:12.367000,1.13041,1.13034,7310000,3750000
2016-05-15 22:24:12.904000,1.13041,1.13034,6560000,3750000
2016-05-15 22:24:14.873000,1.13041,1.13034,6560000,1000000
2016-05-15 22:24:15.423000,1.13041,1.13034,6560000,3750000
2016-05-15 22:24:16.580000,1.13041,1.13034,6560000,3750000
2016-05-15 22:24:17.127000,1.13041,1.13034,6560000,3750000
2016-05-15 22:24:18.366000,1.13041,1.13034,5810000,3750000
2016-05-15 22:24:18.901000,1.13041,1.13034,5810000,3750000
2016-05-15 22:24:20.485000,1.13041,1.13034,6560000,3750000
