time,ask,bid,ask_volume,bid_volume
2016-07-24 21:00:34.260000,1.09785,1.09713,750000,750000
2016-07-24 21:01:31.192000,1.09785,1.09731,750000,750000
2016-07-24 21:01:31.243000,1.09785,1.09732,750000,370000
2016-07-24 21:01:31.293000,1.09786,1.09736,750000,750000
2016-07-24 21:01:32.176000,1.09784,1.09736,750000,750000
2016-07-24 21:01:33.322000,1.09784,1.09745,750000,750000
2016-07-24 21:01:42.189000,1.09787,1.09745,1500000,750000
2016-07-24 21:01:42.492000,1.09787,1.09750,1500000,750000
2016-07-24 21:01:44.572000,1.09786,1.09750,750000,750000
2016-07-24 21:01:48.183000,1.09787,1.09752,2250000,750000
2016-07-24 21:01:48.490000,1.09787,1.09754,2250000,750000
2016-07-24 21:01:50.717000,1.09785,1.09754,750000,750000
2016-07-24 21:01:52.482000,1.09785,1.09755,750000,750000
2016-07-24 21:01:57.556000,1.09785,1.09750,750000,750000
2016-07-24 21:01:58.515000,1.09783,1.09740,750000,750000
2016-07-24 21:01:59.654000,1.09783,1.09739,750000,750000
2016-07-24 21:01:59.759000,1.09783,1.09734,750000,750000
2016-07-24 21:02:00.575000,1.09785,1.09734,1500000,750000
2016-07-24 21:02:03.757000,1.09785,1.09735,1500000,750000
2016-07-24 21:02:16.070000,1.09785,1.09740,1500000,750000
2016-07-24 21:02:17.616000,1.09785,1.09740,750000,750000
2016-07-24 21:02:24.883000,1.09785,1.09739,750000,750000
2016-07-24 21:02:27.883000,1.09785,1.09740,750000,750000
2016-07-24 21:02:34.890000,1.09785,1.09739,750000,750000
2016-07-24 21:02:35.668000,1.09785,1.09740,750000,750000
2016-07-24 21:02:38.894000,1.09785,1.09739,750000,750000
2016-07-24 21:02:39.896000,1.09785,1.09740,750000,750000
2016-07-24 21:02:41.035000,1.09785,1.09740,1500000,750000
2016-07-24 21:02:47.906000,1.09785,1.09739,1500000,750000
2016-07-24 21:02:51.550000,1.09784,1.09739,750000,750000
2016-07-24 21:02:51.601000,1.09784,1.09734,750000,750000
2016-07-24 21:02:51.981000,1.09780,1.09734,750000,750000
2016-07-24 21:02:52.282000,1.09784,1.09733,750000,750000
2016-07-24 21:02:53.585000,1.09784,1.09734,750000,750000
2016-07-24 21:03:07.200000,1.09772,1.09734,750000,750000
2016-07-24 21:03:30.157000,1.09777,1.09733,750000,750000
2016-07-24 21:03:30.474000,1.09784,1.09733,750000,750000
2016-07-24 21:03:32.834000,1.09777,1.09733,750000,750000
2016-07-24 21:03:33.824000,1.09775,1.09733,750000,750000
2016-07-24 21:03:34.533000,1.09775,1.09734,750000,750000
2016-07-24 21:03:36.536000,1.09772,1.09734,750000,750000
2016-07-24 21:03:50.174000,1.09784,1.09734,750000,750000
2016-07-24 21:03:53.839000,1.09778,1.09734,750000,750000
2016-07-24 21:03:54.828000,1.09777,1.09734,750000,750000
2016-07-24 21:03:55.855000,1.09775,1.09734,750000,750000
2016-07-24 21:03:56.615000,1.09772,1.09734,750000,750000
2016-07-24 21:04:01.519000,1.09772,1.09734,1000000,750000
2016-07-24 21:05:05.812000,1.09770,1.09734,1000000,750000
2016-07-24 21:05:06.345000,1.09770,1.09733,1000000,750000
2016-07-24 21:05:10.404000,1.09766,1.09734,1000000,750000
2016-07-24 21:05:14.422000,1.09772,1.09734,1500000,750000
2016-07-24 21:05:14.475000,1.09772,1.09734,1000000,750000
2016-07-24 21:05:29.730000,1.09772,1.09734,1000000,1000000
2016-07-24 21:05:29.882000,1.09775,1.09734,1000000,1000000
2016-07-24 21:05:29.933000,1.09775,1.09740,1000000,1000000
2016-07-24 21:05:29.984000,1.09782,1.09740,1000000,1000000
2016-07-24 21:05:30.035000,1.09778,1.09735,1000000,3000000
2016-07-24 21:05:30.136000,1.09778,1.09742,1000000,1000000
2016-07-24 21:05:30.238000,1.09778,1.09745,1000000,1000000
2016-07-24 21:05:30.339000,1.09780,1.09746,1000000,1500000
2016-07-24 21:05:30.440000,1.09782,1.09748,1000000,1500000
2016-07-24 21:05:30.491000,1.09777,1.09748,1000000,1500000
2016-07-24 21:05:30.542000,1.09775,1.09750,1500000,1500000
2016-07-24 21:05:30.593000,1.09775,1.09750,2250000,1500000
2016-07-24 21:05:30.643000,1.09775,1.09749,2250000,1000000
2016-07-24 21:05:30.902000,1.09775,1.09752,1500000,1000000
2016-07-24 21:05:31.009000,1.09775,1.09752,2250000,1000000
2016-07-24 21:05:31.363000,1.09775,1.09750,2250000,1000000
2016-07-24 21:05:31.539000,1.09775,1.09752,2250000,1000000
2016-07-24 21:05:31.590000,1.09775,1.09752,1500000,1000000
2016-07-24 21:05:31.641000,1.09775,1.09750,1500000,1000000
2016-07-24 21:05:31.692000,1.09775,1.09750,2250000,1000000
2016-07-24 21:05:31.793000,1.09775,1.09751,1500000,1000000
2016-07-24 21:05:31.895000,1.09775,1.09750,2250000,1000000
2016-07-24 21:05:31.945000,1.09775,1.09750,2250000,1500000
2016-07-24 21:05:32.047000,1.09775,1.09752,2250000,1000000
2016-07-24 21:05:32.148000,1.09775,1.09750,2250000,1000000
2016-07-24 21:05:32.252000,1.09775,1.09750,2250000,1500000
2016-07-24 21:05:32.303000,1.09775,1.09750,2250000,2250000
2016-07-24 21:05:32.353000,1.09775,1.09752,2250000,1000000
2016-07-24 21:05:32.455000,1.09775,1.09750,1500000,1000000
2016-07-24 21:05:32.556000,1.09775,1.09750,1500000,1120000
2016-07-24 21:05:32.607000,1.09775,1.09750,1500000,1870000
2016-07-24 21:05:32.657000,1.09775,1.09752,1500000,1000000
2016-07-24 21:05:32.759000,1.09775,1.09750,2250000,1000000
2016-07-24 21:05:32.860000,1.09775,1.09750,2250000,1500000
2016-07-24 21:05:32.911000,1.09775,1.09751,2250000,1000000
2016-07-24 21:05:33.113000,1.09775,1.09748,2250000,1000000
2016-07-24 21:05:33.215000,1.09775,1.09750,2250000,1500000
2016-07-24 21:05:33.265000,1.09775,1.09750,2250000,2250000
2016-07-24 21:05:33.316000,1.09775,1.09750,2250000,1500000
2016-07-24 21:05:33.367000,1.09775,1.09750,2250000,1000000
2016-07-24 21:05:33.418000,1.09775,1.09746,2250000,1000000
2016-07-24 21:05:33.468000,1.09775,1.09746,2250000,1500000
2016-07-24 21:05:33.519000,1.09775,1.09748,2250000,1000000
2016-07-24 21:05:33.671000,1.09775,1.09744,2250000,1500000
2016-07-24 21:05:33.773000,1.09772,1.09745,1000000,1000000
2016-07-24 21:05:33.874000,1.09774,1.09744,1500000,1000000
2016-07-24 21:05:33.925000,1.09774,1.09740,1500000,2250000
2016-07-24 21:05:33.976000,1.09771,1.09740,1000000,1000000
2016-07-24 21:05:34.027000,1.09771,1.09735,1000000,1000000
2016-07-24 21:05:34.128000,1.09771,1.09734,1000000,1000000
2016-07-24 21:05:35.861000,1.09772,1.09733,1000000,1000000
2016-07-24 21:05:35.912000,1.09775,1.09733,1500000,1000000
2016-07-24 21:05:35.967000,1.09775,1.09733,1000000,1000000
2016-07-24 21:05:36.170000,1.09775,1.09733,1500000,1000000
2016-07-24 21:05:36.221000,1.09775,1.09735,1500000,1000000
2016-07-24 21:05:36.272000,1.09773,1.09735,1000000,1000000
2016-07-24 21:05:36.322000,1.09773,1.09734,1000000,1500000
2016-07-24 21:05:37.013000,1.09773,1.09735,1000000,1000000
2016-07-24 21:05:40.656000,1.09770,1.09735,1000000,1000000
2016-07-24 21:05:40.757000,1.09769,1.09735,1000000,1000000
2016-07-24 21:05:41.169000,1.09769,1.09734,1000000,1500000
2016-07-24 21:05:41.977000,1.09769,1.09735,1000000,1000000
2016-07-24 21:05:44.164000,1.09765,1.09735,1500000,1000000
2016-07-24 21:05:44.265000,1.09763,1.09735,1000000,1000000
2016-07-24 21:05:44.367000,1.09763,1.09730,1000000,1000000
2016-07-24 21:05:46.079000,1.09764,1.09730,1000000,1000000
2016-07-24 21:05:46.181000,1.09761,1.09730,1000000,1000000
2016-07-24 21:05:46.383000,1.09761,1.09726,1000000,1000000
2016-07-24 21:05:48.785000,1.09760,1.09724,1000000,1000000
2016-07-24 21:05:48.836000,1.09760,1.09724,1500000,1000000
2016-07-24 21:05:48.887000,1.09758,1.09725,1000000,1000000
2016-07-24 21:06:10.892000,1.09758,1.09724,1000000,1000000
2016-07-24 21:06:12.007000,1.09758,1.09725,1000000,1000000
2016-07-24 21:06:16.323000,1.09758,1.09724,1000000,1000000
2016-07-24 21:06:18.638000,1.09758,1.09725,1000000,1000000
2016-07-24 21:06:19.858000,1.09758,1.09724,1000000,1000000
2016-07-24 21:06:20.212000,1.09765,1.09725,1120000,1000000
2016-07-24 21:06:27.550000,1.09758,1.09725,1000000,1000000
2016-07-24 21:06:28.159000,1.09758,1.09724,1000000,1000000
2016-07-24 21:06:28.791000,1.09758,1.09725,1000000,1000000
2016-07-24 21:06:33.072000,1.09758,1.09724,1000000,1000000
2016-07-24 21:06:33.873000,1.09758,1.09725,1000000,1000000
2016-07-24 21:06:50.894000,1.09758,1.09724,1000000,1000000
2016-07-24 21:06:52.395000,1.09758,1.09725,1000000,1000000
2016-07-24 21:06:54.900000,1.09758,1.09724,1000000,1000000
2016-07-24 21:06:56.402000,1.09758,1.09725,1000000,1000000
2016-07-24 21:07:00.406000,1.09758,1.09724,1000000,1000000
2016-07-24 21:07:01.408000,1.09758,1.09725,1000000,1000000
2016-07-24 21:07:04.516000,1.09758,1.09724,1000000,1000000
2016-07-24 21:07:05.129000,1.09758,1.09725,1000000,1000000
2016-07-24 21:07:06.115000,1.09758,1.09724,1000000,1000000
2016-07-24 21:07:06.720000,1.09758,1.09725,1000000,1000000
2016-07-24 21:07:12.330000,1.09758,1.09724,1000000,1000000
2016-07-24 21:07:12.881000,1.09758,1.09725,1000000,1000000
2016-07-24 21:07:15.840000,1.09758,1.09720,1000000,1000000
2016-07-24 21:07:16.308000,1.09756,1.09720,1000000,1000000
2016-07-24 21:08:22.900000,1.09752,1.09720,1000000,1000000
2016-07-24 21:08:23.002000,1.09747,1.09720,1000000,1000000
2016-07-24 21:08:23.104000,1.09744,1.09715,1000000,1000000
2016-07-24 21:08:23.205000,1.09743,1.09708,1000000,1000000
2016-07-24 21:08:23.283000,1.09743,1.09706,1000000,1870000
2016-07-24 21:08:23.335000,1.09743,1.09706,1000000,1500000
2016-07-24 21:08:30.509000,1.09743,1.09706,1000000,1000000
2016-07-24 21:08:30.610000,1.09734,1.09706,1000000,1500000
2016-07-24 21:08:30.712000,1.09732,1.09706,1000000,1000000
2016-07-24 21:08:30.763000,1.09732,1.09705,1000000,1000000
2016-07-24 21:08:30.814000,1.09732,1.09704,1000000,2250000
2016-07-24 21:08:31.117000,1.09732,1.09705,1000000,1500000
2016-07-24 21:08:31.168000,1.09732,1.09710,1000000,1500000
2016-07-24 21:08:31.219000,1.09732,1.09711,1000000,1000000
2016-07-24 21:08:33.845000,1.09732,1.09710,1000000,1500000
2016-07-24 21:08:33.896000,1.09737,1.09702,2250000,1750000
2016-07-24 21:08:33.947000,1.09736,1.09703,1000000,1000000
2016-07-24 21:08:34.048000,1.09737,1.09698,2250000,1500000
2016-07-24 21:08:34.149000,1.09736,1.09698,1000000,1000000
2016-07-24 21:08:34.637000,1.09736,1.09696,1000000,3000000
2016-07-24 21:08:34.818000,1.09736,1.09698,1000000,1000000
2016-07-24 21:08:36.343000,1.09736,1.09696,1000000,3000000
2016-07-24 21:08:36.394000,1.09736,1.09696,1000000,1500000
2016-07-24 21:08:36.444000,1.09737,1.09696,1000000,1000000
2016-07-24 21:08:44.406000,1.09737,1.09696,1000000,1500000
2016-07-24 21:08:44.456000,1.09740,1.09696,2250000,2620000
2016-07-24 21:08:49.571000,1.09734,1.09696,1000000,2620000
2016-07-24 21:08:49.622000,1.09732,1.09696,1000000,2620000
2016-07-24 21:08:49.672000,1.09731,1.09698,1000000,1000000
2016-07-24 21:08:53.151000,1.09728,1.09698,1000000,1000000
2016-07-24 21:08:53.252000,1.09727,1.09698,1000000,1000000
2016-07-24 21:08:53.771000,1.09726,1.09696,1000000,1500000
2016-07-24 21:08:53.822000,1.09726,1.09694,1000000,1250000
2016-07-24 21:08:53.873000,1.09726,1.09692,1000000,1690000
2016-07-24 21:08:56.641000,1.09726,1.09692,1000000,1190000
2016-07-24 21:08:57.264000,1.09726,1.09692,1000000,1690000
2016-07-24 21:08:57.773000,1.09726,1.09692,1500000,1190000
2016-07-24 21:08:57.875000,1.09728,1.09694,1000000,1250000
2016-07-24 21:08:57.925000,1.09728,1.09694,1000000,1000000
2016-07-24 21:08:58.081000,1.09730,1.09694,1000000,1000000
2016-07-24 21:08:58.783000,1.09733,1.09694,1000000,1000000
2016-07-24 21:09:15.784000,1.09734,1.09694,1500000,1000000
2016-07-24 21:09:18.555000,1.09734,1.09695,1500000,1000000
2016-07-24 21:09:24.505000,1.09734,1.09695,1370000,1370000
2016-07-24 21:09:24.556000,1.09734,1.09699,1370000,1000000
2016-07-24 21:09:24.606000,1.09736,1.09699,1500000,1000000
2016-07-24 21:09:34.541000,1.09736,1.09699,1120000,1000000
2016-07-24 21:09:34.592000,1.09737,1.09695,1000000,1000000
2016-07-24 21:09:35.726000,1.09738,1.09695,1500000,1000000
2016-07-24 21:09:35.777000,1.09739,1.09695,1750000,1000000
2016-07-24 21:09:35.828000,1.09739,1.09695,1500000,1000000
2016-07-24 21:09:41.738000,1.09739,1.09695,1500000,1250000
2016-07-24 21:09:46.240000,1.09739,1.09695,1120000,1250000
2016-07-24 21:09:46.290000,1.09740,1.09695,1370000,1250000
2016-07-24 21:09:46.341000,1.09742,1.09695,1120000,1250000
2016-07-24 21:09:46.442000,1.09742,1.09695,1000000,1250000
2016-07-24 21:10:26.132000,1.09742,1.09695,1000000,1000000
2016-07-24 21:10:34.233000,1.09733,1.09695,1000000,1000000
2016-07-24 21:10:41.092000,1.09733,1.09695,1000000,1250000
2016-07-24 21:10:59.898000,1.09734,1.09695,1000000,1250000
2016-07-24 21:11:00.900000,1.09733,1.09695,1000000,1250000
2016-07-24 21:11:01.104000,1.09731,1.09695,1000000,1250000
2016-07-24 21:11:01.155000,1.09731,1.09693,1000000,1500000
2016-07-24 21:11:01.221000,1.09731,1.09693,1000000,1690000
2016-07-24 21:11:04.104000,1.09732,1.09693,1000000,1690000
2016-07-24 21:11:05.077000,1.09731,1.09693,1000000,1690000
2016-07-24 21:11:10.181000,1.09731,1.09693,1000000,2440000
2016-07-24 21:11:10.498000,1.09728,1.09693,1000000,2440000
2016-07-24 21:11:11.022000,1.09727,1.09693,1000000,2440000
2016-07-24 21:11:14.016000,1.09728,1.09693,1000000,2440000
2016-07-24 21:11:14.565000,1.09727,1.09693,1000000,2440000
2016-07-24 21:11:22.927000,1.09728,1.09693,1000000,2440000
2016-07-24 21:11:24.236000,1.09727,1.09698,1000000,1770000
2016-07-24 21:11:33.952000,1.09728,1.09698,1000000,1770000
2016-07-24 21:11:35.903000,1.09728,1.09699,1000000,1270000
2016-07-24 21:11:36.423000,1.09727,1.09699,1000000,1270000
2016-07-24 21:11:44.269000,1.09728,1.09699,1000000,1270000
2016-07-24 21:11:44.827000,1.09727,1.09699,1000000,1270000
2016-07-24 21:11:58.867000,1.09728,1.09699,1000000,1270000
2016-07-24 21:12:00.160000,1.09727,1.09699,1000000,1270000
2016-07-24 21:12:08.656000,1.09728,1.09699,1000000,1270000
2016-07-24 21:12:12.210000,1.09727,1.09699,1000000,1270000
2016-07-24 21:12:38.725000,1.09728,1.09699,1000000,1270000
2016-07-24 21:12:39.359000,1.09727,1.09699,1000000,1270000
2016-07-24 21:12:41.006000,1.09727,1.09699,1000000,1770000
2016-07-24 21:12:47.080000,1.09727,1.09699,1750000,1770000
2016-07-24 21:12:48.336000,1.09728,1.09699,1750000,1770000
2016-07-24 21:12:52.261000,1.09727,1.09699,1750000,1770000
2016-07-24 21:12:52.855000,1.09728,1.09699,1750000,1770000
2016-07-24 21:12:54.927000,1.09727,1.09699,1750000,1770000
2016-07-24 21:12:55.738000,1.09727,1.09699,1750000,1390000
2016-07-24 21:12:59.871000,1.09728,1.09699,1750000,1390000
2016-07-24 21:13:00.382000,1.09727,1.09699,1750000,1390000
2016-07-24 21:13:04.259000,1.09728,1.09699,1750000,1390000
2016-07-24 21:13:04.730000,1.09728,1.09698,1750000,1020000
2016-07-24 21:13:04.781000,1.09728,1.09695,1750000,2710000
2016-07-24 21:13:04.882000,1.09727,1.09695,1750000,3190000
2016-07-24 21:13:05.598000,1.09727,1.09695,1750000,3940000
2016-07-24 21:13:05.649000,1.09728,1.09695,1750000,2250000
2016-07-24 21:13:05.820000,1.09728,1.09695,1000000,2250000
2016-07-24 21:13:05.871000,1.09727,1.09695,1000000,1870000
2016-07-24 21:13:05.922000,1.09727,1.09695,1000000,1500000
2016-07-24 21:13:06.428000,1.09728,1.09695,1000000,1500000
2016-07-24 21:13:08.971000,1.09727,1.09695,1000000,1500000
2016-07-24 21:13:11.853000,1.09727,1.09695,1000000,1000000
2016-07-24 21:13:11.904000,1.09727,1.09694,1000000,1250000
2016-07-24 21:13:11.955000,1.09725,1.09692,1500000,1190000
2016-07-24 21:13:12.057000,1.09723,1.09692,1000000,1000000
2016-07-24 21:13:12.108000,1.09723,1.09691,1000000,1000000
2016-07-24 21:13:12.159000,1.09723,1.09690,1000000,1000000
2016-07-24 21:13:12.209000,1.09723,1.09688,1000000,1500000
2016-07-24 21:13:12.260000,1.09723,1.09687,1000000,1000000
2016-07-24 21:13:12.314000,1.09723,1.09681,1000000,1750000
2016-07-24 21:13:12.365000,1.09723,1.09681,1000000,1370000
2016-07-24 21:13:12.445000,1.09723,1.09681,1000000,1000000
2016-07-24 21:13:12.749000,1.09720,1.09680,1500000,1000000
2016-07-24 21:13:12.800000,1.09720,1.09675,2250000,1000000
2016-07-24 21:13:17.027000,1.09720,1.09681,2250000,1000000
2016-07-24 21:13:17.079000,1.09720,1.09681,2250000,3940000
2016-07-24 21:13:17.131000,1.09720,1.09701,2250000,1000000
2016-07-24 21:13:17.182000,1.09728,1.09701,1100000,1000000
2016-07-24 21:13:17.284000,1.09731,1.09700,1370000,1000000
2016-07-24 21:13:17.554000,1.09732,1.09702,1000000,1000000
2016-07-24 21:13:18.056000,1.09731,1.09702,1000000,1000000
2016-07-24 21:13:18.639000,1.09731,1.09703,1000000,1000000
2016-07-24 21:13:19.324000,1.09731,1.09704,1000000,1000000
2016-07-24 21:13:19.375000,1.09735,1.09704,1570000,1000000
2016-07-24 21:13:19.441000,1.09735,1.09704,2320000,1000000
2016-07-24 21:13:19.593000,1.09735,1.09704,1570000,1000000
2016-07-24 21:13:19.861000,1.09735,1.09705,1100000,1000000
2016-07-24 21:13:19.912000,1.09735,1.09705,1570000,1000000
2016-07-24 21:13:21.145000,1.09735,1.09705,2320000,1000000
2016-07-24 21:13:21.195000,1.09735,1.09705,1570000,1000000
2016-07-24 21:13:21.347000,1.09735,1.09699,1570000,2250000
2016-07-24 21:13:21.398000,1.09733,1.09698,1000000,1000000
2016-07-24 21:13:24.307000,1.09733,1.09706,1000000,1000000
2016-07-24 21:13:24.409000,1.09738,1.09712,1100000,1000000
2016-07-24 21:13:24.561000,1.09735,1.09703,1000000,1000000
2016-07-24 21:13:24.714000,1.09734,1.09701,1000000,1000000
2016-07-24 21:13:24.765000,1.09734,1.09699,1000000,1000000
2016-07-24 21:13:24.816000,1.09734,1.09695,1000000,1000000
2016-07-24 21:13:28.812000,1.09735,1.09695,1500000,1000000
2016-07-24 21:13:28.862000,1.09735,1.09695,2250000,1000000
2016-07-24 21:13:28.913000,1.09734,1.09695,1000000,1000000
2016-07-24 21:13:32.442000,1.09734,1.09702,1000000,1000000
2016-07-24 21:13:32.494000,1.09735,1.09702,1500000,1000000
2016-07-24 21:13:32.597000,1.09734,1.09702,1000000,1000000
2016-07-24 21:13:37.824000,1.09743,1.09702,2060000,1000000
2016-07-24 21:13:38.676000,1.09736,1.09702,1000000,1000000
2016-07-24 21:13:39.123000,1.09734,1.09702,1000000,1000000
2016-07-24 21:13:39.175000,1.09734,1.09696,1000000,1000000
2016-07-24 21:13:39.226000,1.09734,1.09694,1000000,1500000
2016-07-24 21:13:39.327000,1.09733,1.09692,1000000,1000000
2016-07-24 21:13:39.428000,1.09733,1.09691,1000000,1500000
2016-07-24 21:13:46.921000,1.09733,1.09691,1000000,1000000
2016-07-24 21:13:47.123000,1.09733,1.09689,1000000,1120000
2016-07-24 21:13:47.639000,1.09733,1.09688,1000000,1500000
2016-07-24 21:13:47.692000,1.09730,1.09687,1000000,1370000
2016-07-24 21:13:47.749000,1.09728,1.09687,1000000,1000000
2016-07-24 21:13:47.901000,1.09730,1.09687,1500000,1000000
2016-07-24 21:13:48.003000,1.09728,1.09687,1000000,1000000
2016-07-24 21:13:48.506000,1.09729,1.09687,1000000,1000000
2016-07-24 21:13:48.837000,1.09728,1.09683,1000000,1190000
2016-07-24 21:13:48.888000,1.09728,1.09681,1000000,2890000
2016-07-24 21:13:48.962000,1.09724,1.09681,1000000,1190000
2016-07-24 21:13:49.013000,1.09721,1.09679,1000000,2440000
2016-07-24 21:13:49.064000,1.09721,1.09679,1000000,2060000
2016-07-24 21:13:49.115000,1.09721,1.09675,1000000,2440000
2016-07-24 21:13:49.166000,1.09721,1.09675,1000000,2060000
2016-07-24 21:13:49.217000,1.09721,1.09685,1000000,190000
2016-07-24 21:13:51.440000,1.09721,1.09677,1000000,1190000
2016-07-24 21:13:58.654000,1.09722,1.09685,1000000,190000
2016-07-24 21:13:59.283000,1.09721,1.09685,1000000,190000
2016-07-24 21:14:00.079000,1.09721,1.09673,1000000,1000000
2016-07-24 21:14:02.859000,1.09721,1.09672,1000000,1000000
2016-07-24 21:14:14.779000,1.09722,1.09672,1000000,1000000
2016-07-24 21:14:15.380000,1.09721,1.09672,1000000,1000000
2016-07-24 21:14:18.743000,1.09721,1.09671,1000000,1000000
2016-07-24 21:14:22.888000,1.09721,1.09671,1000000,1500000
2016-07-24 21:14:22.990000,1.09721,1.09671,1000000,1000000
2016-07-24 21:14:24.563000,1.09721,1.09672,1000000,1000000
2016-07-24 21:14:24.614000,1.09721,1.09680,1000000,1000000
2016-07-24 21:14:24.665000,1.09721,1.09680,1000000,1500000
2016-07-24 21:14:24.716000,1.09727,1.09680,1000000,1500000
2016-07-24 21:14:24.767000,1.09727,1.09680,1000000,1100000
2016-07-24 21:14:30.367000,1.09727,1.09680,1000000,1290000
2016-07-24 21:14:31.527000,1.09727,1.09684,1000000,1000000
2016-07-24 21:14:31.578000,1.09727,1.09707,1000000,750000
2016-07-24 21:14:31.730000,1.09735,1.09707,2250000,750000
2016-07-24 21:14:31.882000,1.09735,1.09707,1500000,750000
2016-07-24 21:14:31.933000,1.09735,1.09707,1000000,750000
2016-07-24 21:14:32.071000,1.09735,1.09707,1500000,750000
2016-07-24 21:14:32.121000,1.09735,1.09707,2250000,750000
2016-07-24 21:14:32.172000,1.09735,1.09707,1500000,1000000
2016-07-24 21:14:32.501000,1.09735,1.09707,2250000,1000000
2016-07-24 21:14:36.354000,1.09735,1.09707,1500000,1000000
2016-07-24 21:14:36.405000,1.09736,1.09707,1000000,1000000
2016-07-24 21:14:38.407000,1.09736,1.09707,1000000,750000
2016-07-24 21:14:39.059000,1.09736,1.09707,1120000,750000
2016-07-24 21:14:40.076000,1.09736,1.09712,1120000,750000
2016-07-24 21:14:40.278000,1.09736,1.09712,1120000,1000000
2016-07-24 21:14:44.107000,1.09736,1.09698,1120000,1750000
2016-07-24 21:14:44.158000,1.09733,1.09698,1000000,1750000
2016-07-24 21:14:44.208000,1.09733,1.09697,1000000,3750000
2016-07-24 21:14:44.259000,1.09733,1.09695,1000000,2620000
2016-07-24 21:14:44.310000,1.09733,1.09695,1000000,1000000
2016-07-24 21:14:44.411000,1.09733,1.09690,1000000,1120000
2016-07-24 21:14:44.462000,1.09733,1.09690,1000000,1000000
2016-07-24 21:14:44.513000,1.09733,1.09685,1000000,1000000
2016-07-24 21:14:44.670000,1.09730,1.09685,1000000,1500000
2016-07-24 21:14:45.191000,1.09729,1.09685,1000000,1500000
2016-07-24 21:14:48.474000,1.09729,1.09685,1000000,1000000
2016-07-24 21:14:48.902000,1.09729,1.09685,1000000,1500000
2016-07-24 21:14:56.866000,1.09730,1.09685,1500000,1500000
2016-07-24 21:14:57.513000,1.09730,1.09685,2250000,1500000
2016-07-24 21:14:57.564000,1.09729,1.09685,1000000,1500000
2016-07-24 21:14:58.716000,1.09729,1.09684,1000000,1000000
2016-07-24 21:14:59.574000,1.09730,1.09684,2250000,1000000
2016-07-24 21:15:00.168000,1.09729,1.09684,1000000,1000000
2016-07-24 21:15:01.540000,1.09729,1.09683,1000000,1000000
2016-07-24 21:15:11.077000,1.09730,1.09683,2250000,1000000
2016-07-24 21:15:11.179000,1.09729,1.09683,1000000,1000000
2016-07-24 21:15:11.787000,1.09730,1.09683,2250000,1000000
2016-07-24 21:15:11.888000,1.09729,1.09683,1000000,1000000
2016-07-24 21:15:18.711000,1.09730,1.09683,2250000,1000000
2016-07-24 21:15:18.770000,1.09730,1.09681,2250000,2700000
2016-07-24 21:15:18.837000,1.09729,1.09681,1000000,2700000
2016-07-24 21:15:35.890000,1.09729,1.09681,1000000,3070000
2016-07-24 21:15:38.709000,1.09730,1.09681,1500000,3070000
2016-07-24 21:15:40.110000,1.09729,1.09681,1000000,3070000
2016-07-24 21:15:40.161000,1.09729,1.09681,1000000,2320000
2016-07-24 21:15:41.081000,1.09729,1.09681,1000000,2510000
2016-07-24 21:15:44.569000,1.09729,1.09681,1000000,1760000
2016-07-24 21:15:44.772000,1.09729,1.09681,1000000,1010000
2016-07-24 21:15:44.874000,1.09729,1.09681,1000000,2510000
2016-07-24 21:15:47.212000,1.09729,1.09681,1000000,2140000
2016-07-24 21:15:48.756000,1.09729,1.09681,1000000,1950000
2016-07-24 21:15:48.824000,1.09730,1.09681,2250000,1950000
2016-07-24 21:15:52.434000,1.09729,1.09681,1000000,1950000
2016-07-24 21:16:00.206000,1.09729,1.09681,1000000,1200000
2016-07-24 21:16:04.566000,1.09729,1.09681,1000000,1950000
2016-07-24 21:16:05.877000,1.09730,1.09681,2250000,1950000
2016-07-24 21:16:07.821000,1.09730,1.09681,1500000,1950000
2016-07-24 21:16:07.872000,1.09729,1.09681,1000000,1950000
2016-07-24 21:16:12.872000,1.09730,1.09681,2250000,1950000
2016-07-24 21:16:13.858000,1.09729,1.09681,1000000,1950000
2016-07-24 21:16:15.811000,1.09729,1.09681,1000000,1570000
2016-07-24 21:16:20.216000,1.09729,1.09681,1000000,1100000
2016-07-24 21:16:22.188000,1.09730,1.09681,1500000,1100000
2016-07-24 21:16:24.491000,1.09729,1.09681,1000000,1100000
2016-07-24 21:16:26.896000,1.09730,1.09681,2250000,1100000
2016-07-24 21:16:27.610000,1.09730,1.09681,2250000,1570000
2016-07-24 21:16:27.711000,1.09729,1.09681,1000000,1570000
2016-07-24 21:16:35.771000,1.09729,1.09681,1000000,1950000
2016-07-24 21:16:35.873000,1.09729,1.09681,1000000,2320000
2016-07-24 21:16:36.904000,1.09730,1.09681,2250000,2320000
2016-07-24 21:16:38.711000,1.09729,1.09681,1000000,2320000
2016-07-24 21:16:40.102000,1.09729,1.09681,1000000,1570000
2016-07-24 21:16:55.617000,1.09729,1.09681,1000000,2320000
2016-07-24 21:16:55.848000,1.09730,1.09681,2250000,2320000
2016-07-24 21:16:55.899000,1.09730,1.09681,1500000,1950000
2016-07-24 21:16:56.463000,1.09729,1.09681,1000000,1950000
2016-07-24 21:16:58.508000,1.09729,1.09681,1000000,1570000
2016-07-24 21:16:58.565000,1.09727,1.09681,1000000,1000000
2016-07-24 21:16:59.113000,1.09727,1.09682,1000000,1000000
2016-07-24 21:16:59.625000,1.09728,1.09682,1000000,1000000
2016-07-24 21:17:00.448000,1.09727,1.09682,1000000,1000000
2016-07-24 21:17:06.855000,1.09727,1.09679,1000000,1000000
2016-07-24 21:17:11.360000,1.09728,1.09679,1000000,1000000
2016-07-24 21:17:12.033000,1.09727,1.09679,1000000,1000000
2016-07-24 21:17:14.841000,1.09728,1.09679,1000000,1000000
2016-07-24 21:17:15.364000,1.09727,1.09679,1000000,1000000
2016-07-24 21:17:20.245000,1.09727,1.09677,1000000,1000000
2016-07-24 21:17:26.666000,1.09728,1.09677,1000000,1000000
2016-07-24 21:17:28.561000,1.09727,1.09677,1000000,1000000
2016-07-24 21:17:35.747000,1.09727,1.09676,1000000,2250000
2016-07-24 21:17:35.798000,1.09727,1.09676,1000000,1500000
2016-07-24 21:17:39.567000,1.09727,1.09679,1000000,1000000
2016-07-24 21:17:50.206000,1.09727,1.09676,1000000,2250000
2016-07-24 21:17:50.807000,1.09728,1.09676,1000000,2250000
2016-07-24 21:17:54.291000,1.09727,1.09676,1000000,2250000
2016-07-24 21:17:55.809000,1.09727,1.09676,1000000,1870000
2016-07-24 21:17:55.860000,1.09727,1.09676,1000000,1500000
2016-07-24 21:17:58.614000,1.09727,1.09679,1000000,1000000
2016-07-24 21:18:02.920000,1.09728,1.09679,1000000,1000000
2016-07-24 21:18:06.624000,1.09727,1.09679,1000000,1000000
2016-07-24 21:18:07.926000,1.09728,1.09679,1000000,1000000
2016-07-24 21:18:10.128000,1.09728,1.09676,1000000,1500000
2016-07-24 21:18:10.628000,1.09727,1.09676,1000000,1500000
2016-07-24 21:18:19.513000,1.09727,1.09679,1000000,1000000
2016-07-24 21:18:21.811000,1.09728,1.09679,1000000,1000000
2016-07-24 21:18:22.645000,1.09727,1.09679,1000000,1000000
2016-07-24 21:18:30.223000,1.09727,1.09676,1000000,1500000
2016-07-24 21:18:32.625000,1.09727,1.09679,1000000,1000000
2016-07-24 21:18:34.576000,1.09727,1.09683,1000000,1000000
2016-07-24 21:18:34.632000,1.09730,1.09683,1500000,1870000
2016-07-24 21:18:34.683000,1.09730,1.09683,1500000,2620000
2016-07-24 21:18:34.734000,1.09730,1.09684,1000000,1690000
2016-07-24 21:18:34.785000,1.09731,1.09684,1100000,1690000
2016-07-24 21:18:34.836000,1.09731,1.09684,1100000,1500000
2016-07-24 21:18:35.662000,1.09732,1.09684,1070000,1500000
2016-07-24 21:18:37.905000,1.09732,1.09688,1070000,1250000
2016-07-24 21:18:38.666000,1.09731,1.09688,1100000,1250000
2016-07-24 21:18:38.933000,1.09731,1.09687,1100000,1690000
2016-07-24 21:18:43.402000,1.09731,1.09691,1100000,1000000
2016-07-24 21:18:45.078000,1.09732,1.09691,1070000,1000000
2016-07-24 21:18:46.650000,1.09731,1.09691,1100000,1000000
2016-07-24 21:18:50.114000,1.09731,1.09690,1100000,1000000
2016-07-24 21:18:54.687000,1.09732,1.09690,1070000,1000000
2016-07-24 21:18:55.561000,1.09731,1.09690,1100000,1000000
2016-07-24 21:19:10.667000,1.09732,1.09690,1070000,1000000
2016-07-24 21:19:13.856000,1.09732,1.09691,1070000,1000000
2016-07-24 21:19:13.907000,1.09731,1.09691,1100000,1000000
2016-07-24 21:19:18.914000,1.09732,1.09691,1070000,1000000
2016-07-24 21:19:21.919000,1.09731,1.09691,1100000,1000000
2016-07-24 21:19:22.703000,1.09732,1.09691,1070000,1000000
2016-07-24 21:19:23.912000,1.09731,1.09691,1100000,1000000
2016-07-24 21:19:28.423000,1.09731,1.09688,1100000,1620000
2016-07-24 21:19:28.532000,1.09731,1.09688,1100000,1250000
2016-07-24 21:19:29.534000,1.09735,1.09688,1370000,1250000
2016-07-24 21:19:29.914000,1.09731,1.09688,1100000,1250000
2016-07-24 21:19:35.833000,1.09732,1.09687,1070000,2440000
2016-07-24 21:19:35.884000,1.09732,1.09688,1070000,1250000
2016-07-24 21:19:36.042000,1.09731,1.09688,1100000,1250000
2016-07-24 21:19:44.128000,1.09731,1.09688,1000000,1250000
2016-07-24 21:19:52.768000,1.09732,1.09688,1100000,1250000
2016-07-24 21:19:53.864000,1.09731,1.09688,1000000,1250000
2016-07-24 21:20:10.312000,1.09731,1.09687,1000000,1250000
2016-07-24 21:20:11.919000,1.09732,1.09687,1100000,1250000
2016-07-24 21:20:12.789000,1.09731,1.09687,1000000,1250000
2016-07-24 21:20:23.914000,1.09732,1.09687,1100000,1250000
2016-07-24 21:20:24.823000,1.09731,1.09687,1000000,1250000
2016-07-24 21:20:25.102000,1.09731,1.09687,1100000,1250000
2016-07-24 21:20:27.918000,1.09732,1.09687,1070000,1250000
2016-07-24 21:20:28.808000,1.09731,1.09687,1100000,1250000
2016-07-24 21:20:30.354000,1.09731,1.09688,1100000,1000000
2016-07-24 21:20:35.304000,1.09731,1.09687,1100000,1190000
2016-07-24 21:20:35.847000,1.09731,1.09686,1100000,1190000
2016-07-24 21:20:39.022000,1.09731,1.09688,1100000,1000000
2016-07-24 21:20:49.627000,1.09731,1.09687,1100000,1190000
2016-07-24 21:20:49.692000,1.09731,1.09688,1100000,1000000
2016-07-24 21:20:50.241000,1.09731,1.09687,1100000,1190000
2016-07-24 21:20:52.726000,1.09732,1.09687,1070000,1190000
2016-07-24 21:20:54.851000,1.09731,1.09687,1100000,1190000
2016-07-24 21:20:55.848000,1.09732,1.09687,1070000,1190000
2016-07-24 21:20:56.754000,1.09731,1.09687,1100000,1190000
2016-07-24 21:21:04.368000,1.09731,1.09690,1100000,1000000
2016-07-24 21:21:06.671000,1.09732,1.09690,1070000,1000000
2016-07-24 21:21:08.653000,1.09731,1.09690,1100000,1000000
2016-07-24 21:21:09.259000,1.09731,1.09691,1100000,1000000
2016-07-24 21:21:16.881000,1.09731,1.09692,1100000,1000000
2016-07-24 21:21:32.700000,1.09732,1.09692,1070000,1000000
2016-07-24 21:21:33.917000,1.09731,1.09692,1100000,1000000
2016-07-24 21:21:40.736000,1.09732,1.09692,1070000,1000000
2016-07-24 21:21:42.718000,1.09731,1.09692,1100000,1000000
2016-07-24 21:21:42.940000,1.09732,1.09692,1070000,1000000
2016-07-24 21:21:44.712000,1.09731,1.09692,1100000,1000000
2016-07-24 21:22:04.774000,1.09732,1.09692,1070000,1000000
2016-07-24 21:22:08.077000,1.09731,1.09692,1100000,1000000
2016-07-24 21:22:36.015000,1.09731,1.09688,1100000,1750000
2016-07-24 21:22:36.118000,1.09731,1.09688,1100000,1120000
2016-07-24 21:22:36.219000,1.09731,1.09688,1100000,1000000
2016-07-24 21:22:39.993000,1.09732,1.09688,1070000,1000000
2016-07-24 21:22:40.262000,1.09731,1.09688,1100000,1000000
2016-07-24 21:22:42.872000,1.09732,1.09688,1070000,1000000
2016-07-24 21:22:43.115000,1.09731,1.09688,1100000,1000000
2016-07-24 21:22:49.175000,1.09731,1.09687,1100000,1000000
2016-07-24 21:22:49.964000,1.09731,1.09686,1100000,1000000
2016-07-24 21:22:55.835000,1.09731,1.09685,1100000,1500000
2016-07-24 21:22:58.181000,1.09731,1.09685,1100000,1000000
2016-07-24 21:22:58.720000,1.09732,1.09685,1070000,1000000
2016-07-24 21:23:00.236000,1.09731,1.09685,1100000,1000000
2016-07-24 21:23:06.241000,1.09732,1.09685,1070000,1000000
2016-07-24 21:23:08.342000,1.09731,1.09685,1100000,1000000
2016-07-24 21:23:15.861000,1.09731,1.09683,1100000,3070000
2016-07-24 21:23:15.912000,1.09731,1.09684,1100000,1000000
2016-07-24 21:23:24.070000,1.09731,1.09684,1000000,1000000
2016-07-24 21:23:38.624000,1.09732,1.09684,1100000,1000000
2016-07-24 21:23:38.869000,1.09731,1.09684,1000000,1000000
2016-07-24 21:23:40.849000,1.09732,1.09684,1100000,1000000
2016-07-24 21:23:41.928000,1.09731,1.09684,1000000,1000000
2016-07-24 21:24:05.150000,1.09731,1.09684,1100000,1000000
2016-07-24 21:24:18.720000,1.09732,1.09684,1070000,1000000
2016-07-24 21:24:24.327000,1.09731,1.09684,1100000,1000000
2016-07-24 21:24:31.735000,1.09732,1.09684,1070000,1000000
2016-07-24 21:24:31.837000,1.09731,1.09684,1100000,1000000
2016-07-24 21:24:43.807000,1.09732,1.09684,1070000,1000000
2016-07-24 21:24:44.339000,1.09731,1.09684,1100000,1000000
2016-07-24 21:24:52.364000,1.09732,1.09684,1070000,1000000
2016-07-24 21:24:55.842000,1.09732,1.09683,1070000,2320000
2016-07-24 21:24:56.369000,1.09731,1.09683,1100000,2320000
2016-07-24 21:25:12.368000,1.09732,1.09683,1070000,2320000
2016-07-24 21:25:13.165000,1.09731,1.09683,1100000,2320000
2016-07-24 21:25:15.866000,1.09731,1.09684,1100000,1000000
2016-07-24 21:25:42.894000,1.09732,1.09684,1070000,1000000
2016-07-24 21:25:46.882000,1.09731,1.09684,1100000,1000000
2016-07-24 21:25:58.210000,1.09732,1.09684,1070000,1000000
2016-07-24 21:25:58.696000,1.09731,1.09684,1100000,1000000
2016-07-24 21:25:59.917000,1.09732,1.09684,1070000,1000000
2016-07-24 21:26:00.298000,1.09731,1.09684,1100000,1000000
2016-07-24 21:26:12.434000,1.09731,1.09684,1100000,1250000
2016-07-24 21:26:16.334000,1.09732,1.09684,1070000,1250000
2016-07-24 21:26:16.385000,1.09715,1.09689,1000000,1000000
2016-07-24 21:26:16.437000,1.09712,1.09689,1000000,1000000
2016-07-24 21:26:30.241000,1.09714,1.09689,1000000,1000000
2016-07-24 21:26:37.957000,1.09714,1.09689,1000000,1070000
2016-07-24 21:26:38.090000,1.09715,1.09689,2250000,1070000
2016-07-24 21:26:38.141000,1.09715,1.09689,1500000,1070000
2016-07-24 21:26:38.700000,1.09714,1.09689,1000000,1070000
2016-07-24 21:26:50.217000,1.09715,1.09689,2250000,1070000
2016-07-24 21:26:52.978000,1.09715,1.09690,2250000,1100000
2016-07-24 21:26:53.216000,1.09712,1.09690,1000000,1100000
2016-07-24 21:27:03.235000,1.09714,1.09688,1000000,1870000
2016-07-24 21:27:03.287000,1.09714,1.09688,1000000,2620000
2016-07-24 21:27:04.315000,1.09714,1.09690,1000000,1870000
2016-07-24 21:27:04.366000,1.09714,1.09691,1000000,1570000
2016-07-24 21:27:15.791000,1.09714,1.09692,1000000,1100000
2016-07-24 21:27:31.754000,1.09712,1.09692,1000000,1100000
2016-07-24 21:27:31.856000,1.09712,1.09692,1000000,1000000
2016-07-24 21:27:34.060000,1.09712,1.09692,1000000,1500000
2016-07-24 21:27:34.112000,1.09716,1.09692,1000000,1500000
2016-07-24 21:27:34.163000,1.09717,1.09692,1500000,1500000
2016-07-24 21:27:34.214000,1.09717,1.09694,1500000,1000000
2016-07-24 21:27:34.316000,1.09725,1.09695,3750000,1000000
2016-07-24 21:27:34.367000,1.09725,1.09695,2250000,1000000
2016-07-24 21:27:34.620000,1.09725,1.09695,1500000,1000000
2016-07-24 21:27:34.722000,1.09725,1.09695,2250000,1000000
2016-07-24 21:27:36.081000,1.09725,1.09695,2250000,1500000
2016-07-24 21:27:36.132000,1.09725,1.09696,1000000,1000000
2016-07-24 21:27:36.183000,1.09730,1.09696,2620000,1000000
2016-07-24 21:27:38.388000,1.09730,1.09696,1870000,1000000
2016-07-24 21:27:39.307000,1.09730,1.09696,2620000,1000000
2016-07-24 21:27:40.331000,1.09730,1.09696,1870000,1000000
2016-07-24 21:27:40.629000,1.09730,1.09696,2620000,1000000
2016-07-24 21:27:42.495000,1.09730,1.09696,1870000,1000000
2016-07-24 21:27:42.885000,1.09730,1.09696,2620000,1000000
2016-07-24 21:27:48.463000,1.09730,1.09696,1870000,1000000
2016-07-24 21:27:52.911000,1.09730,1.09696,2620000,1000000
2016-07-24 21:27:53.111000,1.09730,1.09696,1870000,1000000
2016-07-24 21:27:54.417000,1.09730,1.09696,2620000,1000000
2016-07-24 21:27:55.728000,1.09730,1.09695,2620000,1500000
2016-07-24 21:27:55.830000,1.09730,1.09695,2620000,1000000
2016-07-24 21:27:58.372000,1.09730,1.09695,1870000,1000000
2016-07-24 21:27:58.722000,1.09730,1.09695,2620000,1000000
2016-07-24 21:28:04.240000,1.09730,1.09695,1870000,1000000
2016-07-24 21:28:04.355000,1.09730,1.09695,1120000,1000000
2016-07-24 21:28:04.457000,1.09730,1.09695,1870000,1000000
2016-07-24 21:28:05.877000,1.09730,1.09695,2620000,1000000
2016-07-24 21:28:06.408000,1.09730,1.09695,1870000,1000000
2016-07-24 21:28:06.459000,1.09730,1.09695,1120000,1000000
2016-07-24 21:28:09.847000,1.09730,1.09695,1870000,1000000
2016-07-24 21:28:09.898000,1.09730,1.09695,2620000,1000000
2016-07-24 21:28:10.409000,1.09730,1.09695,1870000,1000000
2016-07-24 21:28:14.370000,1.09730,1.09695,1120000,1000000
2016-07-24 21:28:18.382000,1.09730,1.09695,2620000,1000000
2016-07-24 21:28:32.136000,1.09730,1.09695,1870000,1000000
2016-07-24 21:28:35.827000,1.09730,1.09695,2620000,1000000
2016-07-24 21:28:35.928000,1.09730,1.09695,1870000,1000000
2016-07-24 21:28:36.891000,1.09730,1.09695,2620000,1000000
2016-07-24 21:28:38.711000,1.09730,1.09695,1870000,1000000
2016-07-24 21:28:39.640000,1.09730,1.09695,2620000,1000000
2016-07-24 21:28:44.150000,1.09730,1.09695,1870000,1000000
2016-07-24 21:28:44.824000,1.09730,1.09695,2620000,1000000
2016-07-24 21:28:46.452000,1.09730,1.09695,1870000,1000000
2016-07-24 21:28:48.856000,1.09730,1.09695,2620000,1000000
2016-07-24 21:28:55.801000,1.09730,1.09690,2620000,4950000
2016-07-24 21:29:15.655000,1.09730,1.09691,2620000,1750000
2016-07-24 21:29:15.827000,1.09730,1.09695,2620000,1000000
2016-07-24 21:29:18.636000,1.09730,1.09695,1870000,1000000
2016-07-24 21:29:18.909000,1.09730,1.09695,2620000,1000000
2016-07-24 21:29:20.891000,1.09730,1.09695,1870000,1000000
2016-07-24 21:29:22.369000,1.09730,1.09695,2620000,1000000
2016-07-24 21:29:24.897000,1.09730,1.09695,1870000,1000000
2016-07-24 21:29:26.420000,1.09730,1.09695,2620000,1000000
2016-07-24 21:29:34.408000,1.09730,1.09695,1870000,1000000
2016-07-24 21:29:38.313000,1.09730,1.09695,2620000,1000000
2016-07-24 21:29:58.403000,1.09730,1.09695,1870000,1000000
2016-07-24 21:29:58.713000,1.09730,1.09695,2620000,1000000
2016-07-24 21:30:01.319000,1.09730,1.09695,3000000,1000000
2016-07-24 21:30:01.421000,1.09730,1.09695,2250000,1000000
2016-07-24 21:30:01.522000,1.09730,1.09695,3000000,1000000
2016-07-24 21:30:01.624000,1.09730,1.09695,2250000,1000000
2016-07-24 21:30:01.725000,1.09730,1.09695,1750000,1000000
2016-07-24 21:30:01.776000,1.09730,1.09695,1000000,1000000
2016-07-24 21:30:01.876000,1.09730,1.09695,1500000,1000000
2016-07-24 21:30:01.927000,1.09730,1.09695,2250000,1000000
2016-07-24 21:30:04.401000,1.09730,1.09695,1500000,1000000
2016-07-24 21:30:05.802000,1.09730,1.09695,2250000,1000000
2016-07-24 21:30:05.904000,1.09730,1.09695,1500000,1000000
2016-07-24 21:30:06.197000,1.09730,1.09695,2250000,1000000
2016-07-24 21:30:06.248000,1.09730,1.09695,1500000,1000000
2016-07-24 21:30:08.336000,1.09730,1.09695,2250000,1000000
2016-07-24 21:30:14.314000,1.09730,1.09695,1500000,1000000
2016-07-24 21:30:14.812000,1.09730,1.09695,2250000,1000000
2016-07-24 21:30:16.868000,1.09730,1.09695,1500000,1000000
2016-07-24 21:30:17.840000,1.09730,1.09695,2250000,1000000
2016-07-24 21:30:37.268000,1.09730,1.09695,1500000,1000000
2016-07-24 21:30:38.693000,1.09730,1.09695,2250000,1000000
2016-07-24 21:30:40.904000,1.09730,1.09695,1500000,1000000
2016-07-24 21:30:42.888000,1.09730,1.09695,2250000,1000000
2016-07-24 21:30:45.940000,1.09730,1.09695,2250000,1500000
2016-07-24 21:30:45.990000,1.09730,1.09695,2250000,2250000
2016-07-24 21:30:49.219000,1.09730,1.09695,1500000,1500000
2016-07-24 21:30:50.931000,1.09730,1.09695,2250000,2250000
2016-07-24 21:30:51.418000,1.09730,1.09695,1500000,1500000
2016-07-24 21:30:52.568000,1.09730,1.09695,1000000,1500000
2016-07-24 21:30:52.619000,1.09730,1.09695,1500000,2250000
2016-07-24 21:30:54.883000,1.09730,1.09695,2250000,2250000
2016-07-24 21:30:55.915000,1.09730,1.09695,1500000,2250000
2016-07-24 21:30:57.055000,1.09730,1.09695,2250000,2250000
2016-07-24 21:30:57.106000,1.09730,1.09695,1500000,2250000
2016-07-24 21:30:58.675000,1.09730,1.09695,2250000,2250000
2016-07-24 21:30:58.859000,1.09730,1.09695,1500000,2250000
2016-07-24 21:31:01.062000,1.09730,1.09695,2250000,2250000
2016-07-24 21:31:03.885000,1.09730,1.09695,1500000,2250000
2016-07-24 21:31:04.789000,1.09730,1.09695,2250000,2250000
2016-07-24 21:31:10.170000,1.09730,1.09695,2250000,1000000
2016-07-24 21:31:10.221000,1.09730,1.09695,1500000,1000000
2016-07-24 21:31:10.271000,1.09730,1.09697,1500000,1000000
2016-07-24 21:31:10.323000,1.09730,1.09703,2250000,1500000
2016-07-24 21:31:10.373000,1.09730,1.09703,1000000,1500000
2016-07-24 21:31:10.430000,1.09732,1.09703,1070000,1000000
2016-07-24 21:31:10.582000,1.09735,1.09705,2620000,2250000
2016-07-24 21:31:10.633000,1.09735,1.09705,1370000,2250000
2016-07-24 21:31:10.684000,1.09737,1.09705,1750000,3560000
2016-07-24 21:31:10.735000,1.09737,1.09706,1750000,1000000
2016-07-24 21:31:10.786000,1.09737,1.09706,1750000,1370000
2016-07-24 21:31:10.837000,1.09737,1.09707,1750000,1000000
2016-07-24 21:31:11.390000,1.09738,1.09707,1750000,1000000
2016-07-24 21:31:13.290000,1.09738,1.09707,1750000,1690000
2016-07-24 21:31:13.341000,1.09738,1.09710,1750000,1000000
2016-07-24 21:31:13.393000,1.09739,1.09710,1750000,1120000
2016-07-24 21:31:13.444000,1.09739,1.09710,1750000,2250000
2016-07-24 21:31:13.545000,1.09737,1.09710,1500000,1000000
2016-07-24 21:31:13.596000,1.09737,1.09710,1750000,1000000
2016-07-24 21:31:15.568000,1.09737,1.09710,1000000,1000000
2016-07-24 21:31:15.895000,1.09737,1.09708,1000000,1750000
2016-07-24 21:31:15.946000,1.09737,1.09709,1000000,1000000
2016-07-24 21:31:17.925000,1.09737,1.09710,1000000,1000000
2016-07-24 21:31:17.976000,1.09740,1.09710,1000000,1500000
2016-07-24 21:31:18.512000,1.09741,1.09710,1000000,1500000
2016-07-24 21:31:19.352000,1.09741,1.09710,1000000,1000000
2016-07-24 21:31:19.758000,1.09741,1.09710,1000000,1500000
2016-07-24 21:31:19.809000,1.09741,1.09710,1000000,1000000
2016-07-24 21:31:19.859000,1.09741,1.09710,1000000,1500000
2016-07-24 21:31:20.367000,1.09741,1.09715,1000000,1250000
2016-07-24 21:31:22.907000,1.09745,1.09715,3070000,1250000
2016-07-24 21:31:23.009000,1.09745,1.09715,2320000,1250000
2016-07-24 21:31:23.807000,1.09744,1.09715,1000000,1250000
2016-07-24 21:31:26.212000,1.09745,1.09715,1570000,1250000
2016-07-24 21:31:27.321000,1.09745,1.09715,2320000,1250000
2016-07-24 21:31:27.423000,1.09744,1.09715,1000000,1250000
2016-07-24 21:31:27.474000,1.09744,1.09715,1000000,1690000
2016-07-24 21:31:27.531000,1.09745,1.09719,2320000,1000000
2016-07-24 21:31:27.582000,1.09745,1.09719,2250000,1370000
2016-07-24 21:31:27.785000,1.09745,1.09719,1500000,1370000
2016-07-24 21:31:28.109000,1.09745,1.09719,2250000,1370000
2016-07-24 21:31:30.114000,1.09745,1.09720,2250000,1310000
2016-07-24 21:31:30.932000,1.09745,1.09728,2250000,1000000
2016-07-24 21:31:30.983000,1.09745,1.09728,1000000,1000000
2016-07-24 21:31:31.034000,1.09748,1.09733,1120000,1000000
2016-07-24 21:31:31.085000,1.09749,1.09734,1870000,1100000
2016-07-24 21:31:31.137000,1.09754,1.09734,1870000,1100000
2016-07-24 21:31:31.238000,1.09754,1.09734,2250000,1100000
2016-07-24 21:31:31.644000,1.09754,1.09734,1870000,1100000
2016-07-24 21:31:33.239000,1.09752,1.09734,1120000,1100000
2016-07-24 21:31:33.296000,1.09752,1.09734,1120000,1000000
2016-07-24 21:31:33.348000,1.09752,1.09731,1120000,1000000
2016-07-24 21:31:33.500000,1.09751,1.09731,1070000,1000000
2016-07-24 21:31:33.826000,1.09751,1.09731,1750000,1000000
2016-07-24 21:31:35.799000,1.09751,1.09730,1750000,2250000
2016-07-24 21:31:35.850000,1.09751,1.09730,1750000,1500000
2016-07-24 21:31:38.643000,1.09751,1.09730,1750000,1000000
2016-07-24 21:31:53.756000,1.09752,1.09730,2250000,1000000
2016-07-24 21:31:54.760000,1.09751,1.09730,1750000,1000000
2016-07-24 21:31:55.856000,1.09751,1.09729,1750000,1500000
2016-07-24 21:31:58.752000,1.09752,1.09729,2250000,1500000
2016-07-24 21:31:59.868000,1.09751,1.09729,1750000,1500000
2016-07-24 21:32:01.062000,1.09751,1.09726,1750000,1750000
2016-07-24 21:32:01.164000,1.09751,1.09727,1750000,1000000
2016-07-24 21:32:01.215000,1.09751,1.09723,1750000,3000000
2016-07-24 21:32:01.266000,1.09751,1.09725,1750000,1000000
2016-07-24 21:32:01.317000,1.09751,1.09720,1750000,3000000
2016-07-24 21:32:01.367000,1.09751,1.09721,1750000,1000000
2016-07-24 21:32:01.469000,1.09752,1.09721,2250000,1000000
2016-07-24 21:32:01.520000,1.09752,1.09720,2620000,1870000
2016-07-24 21:32:01.571000,1.09748,1.09718,1370000,1500000
2016-07-24 21:32:01.622000,1.09748,1.09718,1370000,1120000
2016-07-24 21:32:01.673000,1.09748,1.09715,1370000,1000000
2016-07-24 21:32:01.724000,1.09748,1.09714,1370000,1950000
2016-07-24 21:32:01.774000,1.09748,1.09714,1370000,1570000
2016-07-24 21:32:02.499000,1.09749,1.09714,1370000,1570000
2016-07-24 21:32:04.275000,1.09748,1.09714,1370000,1570000
2016-07-24 21:32:09.882000,1.09749,1.09714,1370000,1570000
2016-07-24 21:32:11.063000,1.09748,1.09714,1370000,1570000
2016-07-24 21:32:12.275000,1.09748,1.09714,1370000,1100000
2016-07-24 21:32:13.596000,1.09749,1.09714,1370000,1100000
2016-07-24 21:32:14.129000,1.09748,1.09714,1370000,1100000
2016-07-24 21:32:23.389000,1.09749,1.09714,1370000,1100000
2016-07-24 21:32:25.587000,1.09748,1.09714,1370000,1100000
2016-07-24 21:32:28.757000,1.09748,1.09714,1370000,1070000
2016-07-24 21:32:42.811000,1.09749,1.09714,1500000,1070000
2016-07-24 21:32:44.852000,1.09748,1.09714,1370000,1070000
2016-07-24 21:32:45.653000,1.09749,1.09714,1500000,1070000
2016-07-24 21:32:47.057000,1.09748,1.09714,1370000,1070000
2016-07-24 21:32:47.851000,1.09749,1.09714,1500000,1070000
2016-07-24 21:32:48.841000,1.09748,1.09714,1370000,1070000
2016-07-24 21:32:56.105000,1.09748,1.09714,4500000,1070000
2016-07-24 21:32:57.160000,1.09745,1.09714,1750000,1070000
2016-07-24 21:32:57.262000,1.09745,1.09714,2250000,1070000
2016-07-24 21:32:57.313000,1.09745,1.09711,2250000,1500000
2016-07-24 21:32:57.364000,1.09742,1.09711,1370000,1500000
2016-07-24 21:32:57.617000,1.09743,1.09708,1370000,1750000
2016-07-24 21:32:57.769000,1.09742,1.09708,1370000,1120000
2016-07-24 21:32:58.676000,1.09743,1.09708,1370000,1120000
2016-07-24 21:33:01.379000,1.09742,1.09708,1370000,1120000
2016-07-24 21:33:09.399000,1.09743,1.09708,1370000,1120000
2016-07-24 21:33:09.901000,1.09742,1.09708,1370000,1120000
2016-07-24 21:33:10.156000,1.09742,1.09707,1370000,1370000
2016-07-24 21:33:12.204000,1.09742,1.09707,1370000,2060000
2016-07-24 21:33:14.512000,1.09742,1.09708,1370000,1120000
2016-07-24 21:33:17.111000,1.09743,1.09708,1370000,1120000
2016-07-24 21:33:17.834000,1.09742,1.09708,1370000,1120000
2016-07-24 21:33:21.417000,1.09743,1.09708,1370000,1120000
2016-07-24 21:33:22.950000,1.09742,1.09708,1370000,1120000
2016-07-24 21:33:30.155000,1.09742,1.09707,1370000,1370000
2016-07-24 21:33:41.124000,1.09742,1.09707,1370000,2060000
2016-07-24 21:33:43.589000,1.09742,1.09708,1370000,1120000
2016-07-24 21:33:45.910000,1.09743,1.09708,1370000,1120000
2016-07-24 21:33:47.914000,1.09742,1.09708,1370000,1120000
2016-07-24 21:33:49.648000,1.09743,1.09708,1370000,1120000
2016-07-24 21:33:50.803000,1.09742,1.09708,1370000,1120000
2016-07-24 21:33:54.808000,1.09743,1.09708,1370000,1120000
2016-07-24 21:33:56.817000,1.09742,1.09708,1370000,1120000
2016-07-24 21:33:57.363000,1.09743,1.09708,1370000,1120000
2016-07-24 21:33:57.728000,1.09739,1.09708,1100000,1120000
2016-07-24 21:34:13.357000,1.09740,1.09708,2320000,1120000
2016-07-24 21:34:14.841000,1.09739,1.09708,1100000,1120000
2016-07-24 21:34:33.367000,1.09740,1.09708,2320000,1120000
2016-07-24 21:34:33.869000,1.09739,1.09708,1100000,1120000
2016-07-24 21:34:36.207000,1.09739,1.09715,1100000,1000000
2016-07-24 21:34:36.309000,1.09739,1.09715,1100000,1500000
2016-07-24 21:34:36.796000,1.09739,1.09717,1100000,3750000
2016-07-24 21:34:44.412000,1.09740,1.09717,2320000,3750000
2016-07-24 21:34:46.142000,1.09740,1.09716,2320000,3750000
2016-07-24 21:34:47.349000,1.09740,1.09716,1570000,3750000
2016-07-24 21:34:47.400000,1.09739,1.09716,1000000,3750000
2016-07-24 21:34:56.941000,1.09740,1.09716,2320000,3750000
2016-07-24 21:34:58.724000,1.09739,1.09716,1000000,3750000
2016-07-24 21:35:15.323000,1.09739,1.09716,1500000,3750000
2016-07-24 21:35:31.869000,1.09739,1.09717,1570000,3750000
2016-07-24 21:35:32.656000,1.09739,1.09715,1870000,3750000
2016-07-24 21:35:35.858000,1.09739,1.09715,1370000,3750000
2016-07-24 21:35:48.254000,1.09739,1.09715,1750000,3750000
2016-07-24 21:35:48.305000,1.09738,1.09715,1870000,3750000
2016-07-24 21:35:48.407000,1.09738,1.09708,1870000,4500000
2016-07-24 21:35:48.638000,1.09738,1.09708,1870000,3750000
2016-07-24 21:35:48.892000,1.09738,1.09708,1500000,3750000
2016-07-24 21:35:48.943000,1.09738,1.09707,2250000,3750000
2016-07-24 21:35:48.994000,1.09715,1.09707,1500000,3750000
2016-07-24 21:35:49.096000,1.09712,1.09709,1000000,1000000
2016-07-24 21:35:49.147000,1.09713,1.09703,1000000,3750000
2016-07-24 21:35:49.198000,1.09714,1.09703,750000,3750000
2016-07-24 21:35:49.299000,1.09731,1.09700,1200000,3750000
2016-07-24 21:35:49.401000,1.09731,1.09702,1570000,3750000
2016-07-24 21:35:49.452000,1.09731,1.09702,1200000,3750000
2016-07-24 21:35:49.503000,1.09731,1.09702,1100000,3750000
2016-07-24 21:35:52.575000,1.09732,1.09702,1570000,3750000
2016-07-24 21:35:53.084000,1.09731,1.09702,1100000,3750000
2016-07-24 21:35:56.507000,1.09702,1.09696,2870000,2440000
2016-07-24 21:35:56.558000,1.09696,1.09691,1000000,3000000
2016-07-24 21:35:56.609000,1.09696,1.09684,1000000,1000000
2016-07-24 21:35:56.660000,1.09698,1.09685,2250000,1500000
2016-07-24 21:35:56.711000,1.09699,1.09685,1370000,1500000
2016-07-24 21:35:56.762000,1.09699,1.09692,1000000,1100000
2016-07-24 21:35:56.813000,1.09706,1.09692,3520000,1100000
2016-07-24 21:35:56.864000,1.09706,1.09692,3520000,1750000
2016-07-24 21:35:56.915000,1.09711,1.09692,1750000,1750000
2016-07-24 21:35:56.966000,1.09710,1.09697,1000000,1070000
2016-07-24 21:35:57.017000,1.09714,1.09697,1750000,1070000
2016-07-24 21:35:57.067000,1.09714,1.09697,1500000,1070000
2016-07-24 21:35:57.118000,1.09716,1.09697,1750000,1070000
2016-07-24 21:35:57.169000,1.09715,1.09697,1000000,1070000
2016-07-24 21:35:57.220000,1.09720,1.09697,1750000,1070000
2016-07-24 21:35:57.304000,1.09724,1.09697,1750000,1070000
2016-07-24 21:35:57.361000,1.09723,1.09698,1000000,1100000
2016-07-24 21:35:57.412000,1.09725,1.09698,3000000,1750000
2016-07-24 21:35:57.615000,1.09727,1.09698,1500000,1750000
2016-07-24 21:35:57.666000,1.09727,1.09698,1120000,1750000
2016-07-24 21:35:57.717000,1.09727,1.09698,1000000,1750000
2016-07-24 21:35:58.311000,1.09727,1.09698,1000000,1100000
2016-07-24 21:36:00.875000,1.09729,1.09698,1500000,1100000
2016-07-24 21:36:01.027000,1.09728,1.09698,1000000,1100000
2016-07-24 21:36:05.900000,1.09729,1.09698,1500000,1100000
2016-07-24 21:36:08.809000,1.09728,1.09698,1000000,1100000
2016-07-24 21:36:14.820000,1.09729,1.09698,1500000,1100000
2016-07-24 21:36:15.877000,1.09729,1.09698,1120000,1100000
2016-07-24 21:36:17.624000,1.09728,1.09698,1000000,1100000
2016-07-24 21:36:19.529000,1.09728,1.09698,1000000,1290000
2016-07-24 21:36:19.580000,1.09728,1.09704,1000000,1000000
2016-07-24 21:36:19.631000,1.09730,1.09704,4500000,1000000
2016-07-24 21:36:19.682000,1.09730,1.09704,2250000,1000000
2016-07-24 21:36:19.733000,1.09730,1.09704,1120000,1370000
2016-07-24 21:36:19.784000,1.09731,1.09704,1500000,1370000
2016-07-24 21:36:20.209000,1.09731,1.09705,1570000,3750000
2016-07-24 21:36:22.737000,1.09731,1.09705,1100000,3750000
2016-07-24 21:36:23.839000,1.09731,1.09705,1570000,3750000
2016-07-24 21:36:26.274000,1.09731,1.09705,1100000,3750000
2016-07-24 21:36:26.348000,1.09731,1.09705,1570000,3750000
2016-07-24 21:36:27.754000,1.09731,1.09705,1100000,3750000
2016-07-24 21:36:28.084000,1.09731,1.09705,1570000,3750000
2016-07-24 21:36:31.764000,1.09731,1.09705,1100000,3750000
2016-07-24 21:36:31.866000,1.09731,1.09705,1570000,3750000
2016-07-24 21:36:36.427000,1.09731,1.09705,1100000,3750000
2016-07-24 21:36:36.928000,1.09731,1.09705,1570000,3750000
2016-07-24 21:36:39.731000,1.09731,1.09705,1100000,3750000
2016-07-24 21:36:39.934000,1.09731,1.09705,1570000,3750000
2016-07-24 21:36:41.236000,1.09731,1.09705,1100000,3750000
2016-07-24 21:36:41.935000,1.09731,1.09705,1570000,3750000
2016-07-24 21:36:48.839000,1.09731,1.09705,1100000,3750000
2016-07-24 21:36:49.609000,1.09731,1.09705,1570000,3750000
2016-07-24 21:36:52.751000,1.09731,1.09705,1100000,3750000
2016-07-24 21:36:52.852000,1.09731,1.09705,1570000,3750000
2016-07-24 21:36:53.429000,1.09730,1.09704,1500000,1070000
2016-07-24 21:36:53.754000,1.09730,1.09704,1000000,1070000
2016-07-24 21:36:53.958000,1.09730,1.09704,1500000,1070000
2016-07-24 21:36:54.570000,1.09730,1.09704,1000000,1070000
2016-07-24 21:36:54.745000,1.09730,1.09704,1500000,1070000
2016-07-24 21:36:55.822000,1.09730,1.09704,1870000,1070000
2016-07-24 21:36:55.873000,1.09730,1.09704,2250000,1070000
2016-07-24 21:36:59.863000,1.09730,1.09704,1500000,1070000
2016-07-24 21:36:59.989000,1.09730,1.09704,1500000,1000000
2016-07-24 21:37:01.861000,1.09730,1.09704,2250000,1000000
2016-07-24 21:37:02.239000,1.09730,1.09704,1500000,1000000
2016-07-24 21:37:02.343000,1.09730,1.09704,2250000,1000000
2016-07-24 21:37:03.153000,1.09730,1.09704,1500000,1000000
2016-07-24 21:37:03.569000,1.09730,1.09704,2250000,1000000
2016-07-24 21:37:03.875000,1.09730,1.09704,1500000,1000000
2016-07-24 21:37:04.957000,1.09730,1.09704,2250000,1000000
2016-07-24 21:37:05.067000,1.09730,1.09704,1500000,1000000
2016-07-24 21:37:05.873000,1.09730,1.09704,2250000,1000000
2016-07-24 21:37:07.795000,1.09730,1.09704,1500000,1000000
2016-07-24 21:37:07.897000,1.09730,1.09704,2250000,1000000
2016-07-24 21:37:14.703000,1.09730,1.09704,1500000,1000000
2016-07-24 21:37:14.888000,1.09730,1.09704,2250000,1000000
2016-07-24 21:37:14.989000,1.09730,1.09704,1000000,1000000
2016-07-24 21:37:15.697000,1.09730,1.09704,2250000,1000000
2016-07-24 21:37:15.818000,1.09730,1.09704,1870000,1000000
2016-07-24 21:37:18.705000,1.09730,1.09704,1120000,1000000
2016-07-24 21:37:19.558000,1.09730,1.09699,1120000,1760000
2016-07-24 21:37:19.694000,1.09730,1.09699,1870000,1760000
2016-07-24 21:37:23.895000,1.09730,1.09699,1120000,1760000
2016-07-24 21:37:25.928000,1.09730,1.09699,1870000,1760000
2016-07-24 21:37:26.705000,1.09730,1.09699,1120000,1760000
2016-07-24 21:37:27.230000,1.09730,1.09699,1870000,1760000
2016-07-24 21:37:30.708000,1.09730,1.09699,1870000,2510000
2016-07-24 21:37:30.962000,1.09730,1.09699,1870000,1760000
2016-07-24 21:37:31.232000,1.09730,1.09699,1120000,1760000
2016-07-24 21:37:32.411000,1.09730,1.09699,1870000,1760000
2016-07-24 21:37:32.906000,1.09730,1.09704,1870000,1000000
2016-07-24 21:37:33.013000,1.09730,1.09704,1120000,1000000
2016-07-24 21:37:34.817000,1.09730,1.09704,1870000,1000000
2016-07-24 21:37:38.829000,1.09730,1.09704,1120000,1000000
2016-07-24 21:37:38.930000,1.09730,1.09704,1870000,1000000
2016-07-24 21:37:39.108000,1.09730,1.09704,1120000,1000000
2016-07-24 21:37:39.808000,1.09731,1.09704,3000000,1000000
2016-07-24 21:37:40.028000,1.09731,1.09704,3070000,1000000
2016-07-24 21:37:40.930000,1.09730,1.09704,1120000,1000000
2016-07-24 21:37:42.827000,1.09730,1.09704,1870000,1000000
2016-07-24 21:37:44.814000,1.09730,1.09704,1120000,1000000
2016-07-24 21:37:44.930000,1.09731,1.09704,3070000,1000000
2016-07-24 21:37:45.842000,1.09730,1.09704,1120000,1000000
2016-07-24 21:37:45.943000,1.09730,1.09704,1870000,1000000
2016-07-24 21:37:48.820000,1.09730,1.09704,1120000,1000000
2016-07-24 21:37:49.854000,1.09730,1.09704,1870000,1000000
2016-07-24 21:37:50.841000,1.09731,1.09704,3070000,1000000
2016-07-24 21:37:51.205000,1.09730,1.09704,1120000,1000000
2016-07-24 21:37:51.255000,1.09730,1.09704,1870000,1000000
2016-07-24 21:37:56.852000,1.09730,1.09704,1120000,1000000
2016-07-24 21:37:57.854000,1.09730,1.09704,1870000,1000000
2016-07-24 21:38:08.878000,1.09730,1.09704,1120000,1000000
2016-07-24 21:38:10.894000,1.09730,1.09704,1870000,1000000
2016-07-24 21:38:12.875000,1.09730,1.09703,1870000,1000000
2016-07-24 21:38:15.929000,1.09730,1.09703,2250000,1000000
2016-07-24 21:38:18.676000,1.09730,1.09703,1500000,1000000
2016-07-24 21:38:18.882000,1.09730,1.09703,2250000,1000000
2016-07-24 21:38:29.863000,1.09730,1.09710,1500000,1500000
2016-07-24 21:38:29.914000,1.09730,1.09710,1000000,1500000
2016-07-24 21:38:29.965000,1.09732,1.09710,2320000,1870000
2016-07-24 21:38:30.016000,1.09731,1.09711,1000000,1000000
2016-07-24 21:38:35.709000,1.09732,1.09711,1500000,1000000
2016-07-24 21:38:38.657000,1.09732,1.09711,1000000,1000000
2016-07-24 21:38:55.803000,1.09734,1.09711,2320000,1000000
2016-07-24 21:38:55.854000,1.09733,1.09711,1000000,1000000
2016-07-24 21:38:56.084000,1.09733,1.09711,1000000,1250000
2016-07-24 21:39:06.437000,1.09733,1.09711,1000000,1000000
2016-07-24 21:39:06.589000,1.09726,1.09711,1000000,1000000
2016-07-24 21:39:15.787000,1.09726,1.09710,1000000,1500000
2016-07-24 21:39:15.990000,1.09726,1.09710,1000000,2250000
2016-07-24 21:39:18.653000,1.09726,1.09710,1000000,1500000
2016-07-24 21:39:18.704000,1.09728,1.09710,1000000,1500000
2016-07-24 21:39:35.766000,1.09728,1.09711,1000000,1000000
2016-07-24 21:39:55.887000,1.09728,1.09710,1000000,3000000
2016-07-24 21:39:59.041000,1.09728,1.09710,1000000,2250000
2016-07-24 21:39:59.244000,1.09728,1.09710,1000000,3000000
2016-07-24 21:40:04.353000,1.09728,1.09710,1000000,2250000
2016-07-24 21:40:04.455000,1.09728,1.09710,1000000,3000000
2016-07-24 21:40:06.958000,1.09728,1.09710,1000000,2250000
2016-07-24 21:40:07.456000,1.09728,1.09710,1000000,3000000
2016-07-24 21:40:08.059000,1.09728,1.09710,1000000,2250000
2016-07-24 21:40:08.397000,1.09728,1.09710,1000000,3000000
2016-07-24 21:40:08.770000,1.09728,1.09710,1000000,2250000
2016-07-24 21:40:09.011000,1.09728,1.09710,1000000,3000000
2016-07-24 21:40:10.464000,1.09728,1.09710,1000000,2250000
2016-07-24 21:40:10.765000,1.09728,1.09710,1000000,3000000
2016-07-24 21:40:10.866000,1.09728,1.09710,1000000,2250000
2016-07-24 21:40:10.968000,1.09728,1.09710,1000000,3000000
2016-07-24 21:40:13.774000,1.09728,1.09710,1000000,2250000
2016-07-24 21:40:14.006000,1.09728,1.09710,1000000,3000000
2016-07-24 21:40:14.979000,1.09728,1.09710,1000000,2250000
2016-07-24 21:40:15.326000,1.09728,1.09710,1000000,3000000
2016-07-24 21:40:15.924000,1.09728,1.09710,1000000,2250000
2016-07-24 21:40:16.026000,1.09728,1.09710,1000000,3000000
2016-07-24 21:40:17.693000,1.09728,1.09710,1000000,2250000
2016-07-24 21:40:17.833000,1.09728,1.09710,1000000,3000000
2016-07-24 21:40:18.307000,1.09728,1.09710,1000000,2250000
2016-07-24 21:40:18.630000,1.09728,1.09710,1000000,3000000
2016-07-24 21:40:18.835000,1.09728,1.09710,1000000,2250000
2016-07-24 21:40:18.886000,1.09728,1.09710,1000000,3000000
2016-07-24 21:40:22.640000,1.09728,1.09710,1000000,2250000
2016-07-24 21:40:22.838000,1.09728,1.09710,1000000,3000000
2016-07-24 21:40:23.842000,1.09728,1.09710,1000000,2250000
2016-07-24 21:40:23.944000,1.09728,1.09710,1000000,3000000
2016-07-24 21:40:24.341000,1.09728,1.09710,1000000,2250000
2016-07-24 21:40:24.442000,1.09728,1.09710,1000000,3000000
2016-07-24 21:40:24.618000,1.09728,1.09710,1000000,2250000
2016-07-24 21:40:24.842000,1.09728,1.09710,1000000,3000000
2016-07-24 21:40:31.952000,1.09731,1.09710,1000000,3000000
2016-07-24 21:40:32.650000,1.09731,1.09710,1000000,2250000
2016-07-24 21:40:32.842000,1.09731,1.09710,1000000,3000000
2016-07-24 21:40:35.157000,1.09731,1.09710,1000000,2250000
2016-07-24 21:40:35.356000,1.09731,1.09710,1000000,3000000
2016-07-24 21:40:35.886000,1.09731,1.09711,1000000,1000000
2016-07-24 21:40:50.087000,1.09734,1.09711,1500000,1000000
2016-07-24 21:40:50.196000,1.09734,1.09711,1000000,1000000
2016-07-24 21:40:51.882000,1.09734,1.09711,1500000,1000000
2016-07-24 21:40:53.610000,1.09731,1.09711,1000000,1000000
2016-07-24 21:40:58.710000,1.09733,1.09711,1000000,1000000
2016-07-24 21:41:38.667000,1.09734,1.09711,1100000,1000000
2016-07-24 21:41:40.244000,1.09737,1.09711,1870000,1000000
2016-07-24 21:41:41.344000,1.09737,1.09711,1370000,1000000
2016-07-24 21:41:41.658000,1.09737,1.09711,1870000,1000000
2016-07-24 21:41:43.347000,1.09737,1.09711,1370000,1000000
2016-07-24 21:41:43.449000,1.09737,1.09711,1870000,1000000
2016-07-24 21:41:45.851000,1.09737,1.09711,1370000,1000000
2016-07-24 21:41:45.952000,1.09737,1.09711,1870000,1000000
2016-07-24 21:41:47.154000,1.09737,1.09711,1370000,1000000
2016-07-24 21:41:47.404000,1.09737,1.09711,1870000,1000000
2016-07-24 21:41:48.255000,1.09737,1.09711,1370000,1000000
2016-07-24 21:41:48.356000,1.09737,1.09711,1870000,1000000
2016-07-24 21:41:48.854000,1.09737,1.09711,1370000,1000000
2016-07-24 21:41:49.155000,1.09737,1.09711,1870000,1000000
2016-07-24 21:41:50.101000,1.09737,1.09711,1370000,1000000
2016-07-24 21:41:50.356000,1.09737,1.09711,1870000,1000000
2016-07-24 21:41:50.857000,1.09737,1.09711,1370000,1000000
2016-07-24 21:41:51.157000,1.09737,1.09711,1870000,1000000
2016-07-24 21:41:51.258000,1.09737,1.09711,1370000,1000000
2016-07-24 21:41:51.360000,1.09737,1.09711,1870000,1000000
2016-07-24 21:41:51.708000,1.09737,1.09711,1370000,1000000
2016-07-24 21:41:51.858000,1.09737,1.09711,1870000,1000000
2016-07-24 21:41:52.458000,1.09737,1.09711,1370000,1000000
2016-07-24 21:41:52.668000,1.09737,1.09711,1870000,1000000
2016-07-24 21:41:55.851000,1.09737,1.09711,1370000,1000000
2016-07-24 21:41:56.394000,1.09738,1.09711,1870000,1000000
2016-07-24 21:41:56.709000,1.09737,1.09711,1370000,1000000
2016-07-24 21:41:58.733000,1.09738,1.09711,1870000,1000000
2016-07-24 21:41:59.868000,1.09736,1.09711,1120000,1000000
2016-07-24 21:41:59.919000,1.09735,1.09711,1070000,1000000
2016-07-24 21:42:00.575000,1.09734,1.09711,1100000,1000000
2016-07-24 21:42:25.973000,1.09734,1.09712,1000000,3750000
2016-07-24 21:42:50.139000,1.09735,1.09712,1000000,3750000
2016-07-24 21:42:50.190000,1.09738,1.09712,1070000,3750000
2016-07-24 21:43:00.609000,1.09738,1.09718,1000000,3750000
2016-07-24 21:43:00.711000,1.09737,1.09718,1000000,3750000
2016-07-24 21:43:03.045000,1.09738,1.09718,1000000,3750000
2016-07-24 21:43:03.154000,1.09738,1.09715,1000000,1750000
2016-07-24 21:43:15.745000,1.09738,1.09716,1000000,1120000
2016-07-24 21:43:20.140000,1.09741,1.09716,1120000,1120000
2016-07-24 21:43:20.727000,1.09742,1.09716,1500000,1120000
2016-07-24 21:43:24.713000,1.09741,1.09716,1120000,1120000
2016-07-24 21:43:28.835000,1.09742,1.09716,2250000,1120000
2016-07-24 21:43:32.825000,1.09740,1.09716,1070000,1120000
2016-07-24 21:43:33.688000,1.09739,1.09716,1100000,1120000
2016-07-24 21:43:35.772000,1.09739,1.09715,1100000,3000000
2016-07-24 21:43:36.886000,1.09739,1.09715,1100000,2250000
2016-07-24 21:43:38.688000,1.09739,1.09715,1100000,3000000
2016-07-24 21:43:48.721000,1.09739,1.09715,1100000,2250000
2016-07-24 21:43:49.915000,1.09739,1.09715,1100000,3000000
2016-07-24 21:43:55.801000,1.09739,1.09716,1100000,1120000
2016-07-24 21:44:10.179000,1.09742,1.09716,2250000,1120000
2016-07-24 21:44:14.822000,1.09740,1.09716,1070000,1120000
2016-07-24 21:44:15.726000,1.09740,1.09715,1070000,3000000
2016-07-24 21:44:15.777000,1.09740,1.09715,1070000,2250000
2016-07-24 21:44:16.623000,1.09738,1.09715,1000000,2250000
2016-07-24 21:44:18.672000,1.09738,1.09715,1000000,1750000
2016-07-24 21:44:30.242000,1.09741,1.09715,1120000,1750000
2016-07-24 21:44:43.885000,1.09741,1.09715,1500000,1100000
2016-07-24 21:44:55.854000,1.09741,1.09714,1370000,2320000
2016-07-24 21:44:57.931000,1.09740,1.09714,1870000,2320000
2016-07-24 21:45:00.635000,1.09738,1.09714,1120000,2320000
2016-07-24 21:45:15.799000,1.09738,1.09714,1120000,1570000
2016-07-24 21:45:18.618000,1.09738,1.09714,1120000,1820000
2016-07-24 21:45:18.669000,1.09738,1.09715,1120000,1570000
2016-07-24 21:45:18.720000,1.09738,1.09716,1120000,1000000
2016-07-24 21:45:40.204000,1.09743,1.09716,3940000,1000000
2016-07-24 21:45:45.560000,1.09743,1.09716,2440000,1000000
2016-07-24 21:45:45.611000,1.09739,1.09716,1370000,1000000
2016-07-24 21:46:00.230000,1.09743,1.09716,3940000,1000000
2016-07-24 21:46:02.089000,1.09743,1.09716,3190000,1000000
2016-07-24 21:46:03.215000,1.09743,1.09716,2440000,1000000
2016-07-24 21:46:03.285000,1.09743,1.09716,3190000,1000000
2016-07-24 21:46:03.621000,1.09739,1.09716,1370000,1000000
2016-07-24 21:46:15.771000,1.09739,1.09715,1370000,2320000
2016-07-24 21:46:18.655000,1.09739,1.09715,1370000,1570000
2016-07-24 21:46:18.705000,1.09739,1.09715,1370000,2320000
2016-07-24 21:46:18.807000,1.09739,1.09715,1370000,1570000
2016-07-24 21:46:21.321000,1.09739,1.09715,1870000,1570000
2016-07-24 21:46:21.372000,1.09737,1.09713,1370000,3000000
2016-07-24 21:46:21.525000,1.09737,1.09713,1370000,2250000
2016-07-24 21:46:21.576000,1.09736,1.09713,1120000,1000000
2016-07-24 21:46:21.627000,1.09736,1.09711,1120000,1120000
2016-07-24 21:46:30.901000,1.09736,1.09710,1120000,2250000
2016-07-24 21:46:36.396000,1.09736,1.09710,1120000,1500000
2016-07-24 21:46:36.679000,1.09736,1.09710,1120000,2250000
2016-07-24 21:46:41.302000,1.09736,1.09710,1120000,1500000
2016-07-24 21:46:41.505000,1.09736,1.09710,1120000,2250000
2016-07-24 21:46:45.596000,1.09736,1.09710,1120000,1500000
2016-07-24 21:46:46.902000,1.09736,1.09710,1120000,2250000
2016-07-24 21:46:53.779000,1.09736,1.09710,1120000,1500000
2016-07-24 21:46:54.606000,1.09736,1.09710,1120000,2250000
2016-07-24 21:46:54.914000,1.09736,1.09710,1120000,1500000
2016-07-24 21:46:55.860000,1.09736,1.09711,1120000,1000000
2016-07-24 21:47:20.444000,1.09737,1.09711,1370000,1000000
2016-07-24 21:47:50.190000,1.09742,1.09711,2250000,1000000
2016-07-24 21:47:50.839000,1.09742,1.09711,1750000,1000000
2016-07-24 21:47:51.179000,1.09742,1.09711,2250000,1000000
2016-07-24 21:47:52.180000,1.09742,1.09711,1750000,1000000
2016-07-24 21:47:52.376000,1.09742,1.09711,2250000,1000000
2016-07-24 21:47:53.143000,1.09742,1.09711,1750000,1000000
2016-07-24 21:47:53.444000,1.09742,1.09711,2250000,1000000
2016-07-24 21:47:53.545000,1.09742,1.09711,1750000,1000000
2016-07-24 21:47:53.657000,1.09742,1.09711,2250000,1000000
2016-07-24 21:47:53.758000,1.09742,1.09711,1750000,1000000
2016-07-24 21:47:53.859000,1.09742,1.09711,2250000,1000000
2016-07-24 21:47:54.569000,1.09736,1.09711,1120000,1000000
2016-07-24 21:47:55.810000,1.09736,1.09710,1120000,1500000
2016-07-24 21:47:55.912000,1.09736,1.09709,1120000,1850000
2016-07-24 21:47:56.098000,1.09736,1.09710,1120000,1500000
2016-07-24 21:47:56.500000,1.09736,1.09709,1120000,1850000
2016-07-24 21:47:56.703000,1.09736,1.09710,1120000,1500000
2016-07-24 21:47:59.606000,1.09736,1.09709,1120000,1850000
2016-07-24 21:47:59.708000,1.09736,1.09710,1120000,1500000
2016-07-24 21:48:03.954000,1.09736,1.09709,1120000,1850000
2016-07-24 21:48:04.154000,1.09736,1.09710,1120000,1500000
2016-07-24 21:48:05.958000,1.09736,1.09709,1120000,1850000
2016-07-24 21:48:06.157000,1.09736,1.09710,1120000,1500000
2016-07-24 21:48:07.416000,1.09736,1.09709,1120000,1850000
2016-07-24 21:48:07.517000,1.09736,1.09710,1120000,1500000
2016-07-24 21:48:08.444000,1.09736,1.09709,1120000,1850000
2016-07-24 21:48:08.546000,1.09736,1.09710,1120000,1500000
2016-07-24 21:48:08.647000,1.09736,1.09709,1120000,1850000
2016-07-24 21:48:08.855000,1.09736,1.09710,1120000,1500000
2016-07-24 21:48:12.229000,1.09736,1.09710,1070000,1500000
2016-07-24 21:48:14.860000,1.09736,1.09709,1070000,1750000
2016-07-24 21:48:15.841000,1.09736,1.09711,1070000,1000000
2016-07-24 21:48:20.133000,1.09742,1.09711,2250000,1000000
2016-07-24 21:48:23.839000,1.09740,1.09711,1500000,1000000
2016-07-24 21:48:23.891000,1.09738,1.09711,1370000,1000000
2016-07-24 21:48:24.491000,1.09739,1.09711,1370000,1000000
2016-07-24 21:48:24.608000,1.09736,1.09711,1070000,1000000
2016-07-24 21:48:55.844000,1.09736,1.09710,1070000,1500000
2016-07-24 21:49:03.855000,1.09736,1.09709,1070000,1750000
2016-07-24 21:49:04.153000,1.09736,1.09710,1070000,1500000
2016-07-24 21:49:07.228000,1.09736,1.09710,1120000,1500000
2016-07-24 21:49:08.460000,1.09736,1.09709,1120000,1850000
2016-07-24 21:49:08.889000,1.09736,1.09710,1120000,1500000
2016-07-24 21:49:12.470000,1.09736,1.09709,1120000,1850000
2016-07-24 21:49:12.902000,1.09736,1.09710,1120000,1500000
2016-07-24 21:49:15.858000,1.09736,1.09711,1120000,1000000
2016-07-24 21:49:25.946000,1.09737,1.09711,1370000,1000000
2016-07-24 21:49:27.800000,1.09736,1.09711,1120000,1000000
2016-07-24 21:49:35.745000,1.09736,1.09710,1120000,1500000
2016-07-24 21:49:38.626000,1.09736,1.09710,1120000,1000000
2016-07-24 21:49:40.111000,1.09736,1.09710,1120000,1500000
2016-07-24 21:49:40.263000,1.09742,1.09710,1750000,1500000
2016-07-24 21:49:41.912000,1.09742,1.09710,1750000,1000000
2016-07-24 21:49:45.930000,1.09742,1.09710,1750000,1500000
2016-07-24 21:49:49.878000,1.09739,1.09710,1500000,1500000
2016-07-24 21:49:49.979000,1.09738,1.09710,1370000,1500000
2016-07-24 21:49:50.575000,1.09736,1.09710,1120000,1500000
2016-07-24 21:49:51.666000,1.09736,1.09710,1120000,1000000
2016-07-24 21:49:52.832000,1.09736,1.09710,1120000,1500000
2016-07-24 21:49:55.822000,1.09736,1.09711,1120000,1000000
2016-07-24 21:49:56.078000,1.09736,1.09711,1000000,1000000
2016-07-24 21:50:00.177000,1.09742,1.09711,1870000,1000000
2016-07-24 21:50:06.817000,1.09740,1.09711,1070000,1000000
2016-07-24 21:50:07.569000,1.09737,1.09711,1000000,1000000
2016-07-24 21:50:20.229000,1.09742,1.09711,1870000,1000000
2016-07-24 21:50:21.630000,1.09736,1.09711,1000000,1000000
2016-07-24 21:50:55.749000,1.09736,1.09710,1000000,1500000
2016-07-24 21:51:00.860000,1.09736,1.09709,1000000,1850000
2016-07-24 21:51:01.160000,1.09736,1.09710,1000000,1500000
2016-07-24 21:51:01.349000,1.09736,1.09709,1000000,1850000
2016-07-24 21:51:01.450000,1.09736,1.09710,1000000,1500000
2016-07-24 21:51:01.762000,1.09736,1.09709,1000000,1850000
2016-07-24 21:51:02.050000,1.09736,1.09710,1000000,1500000
2016-07-24 21:51:09.879000,1.09736,1.09709,1000000,1850000
2016-07-24 21:51:10.361000,1.09736,1.09710,1000000,1500000
2016-07-24 21:51:15.779000,1.09736,1.09711,1000000,1000000
2016-07-24 21:51:40.267000,1.09742,1.09711,1870000,1000000
2016-07-24 21:51:48.532000,1.09742,1.09711,1370000,1000000
2016-07-24 21:51:48.634000,1.09742,1.09711,1870000,1000000
2016-07-24 21:51:49.042000,1.09742,1.09711,1370000,1000000
2016-07-24 21:51:49.887000,1.09741,1.09711,1120000,1000000
2016-07-24 21:51:50.936000,1.09738,1.09711,1000000,1000000
2016-07-24 21:51:51.596000,1.09736,1.09711,1000000,1000000
2016-07-24 21:51:59.202000,1.09736,1.09711,1000000,2250000
2016-07-24 21:51:59.253000,1.09736,1.09711,1000000,3000000
2016-07-24 21:51:59.720000,1.09736,1.09711,2250000,1000000
2016-07-24 21:51:59.821000,1.09734,1.09711,1000000,1000000
2016-07-24 21:52:15.775000,1.09734,1.09710,1000000,2250000
2016-07-24 21:52:30.160000,1.09735,1.09710,1000000,2250000
2016-07-24 21:52:30.210000,1.09739,1.09710,1500000,1500000
2016-07-24 21:52:32.704000,1.09739,1.09710,1500000,2250000
2016-07-24 21:52:35.800000,1.09739,1.09711,1870000,1000000
2016-07-24 21:52:37.548000,1.09734,1.09711,1000000,1000000
2016-07-24 21:52:56.051000,1.09734,1.09711,1100000,1000000
2016-07-24 21:53:20.185000,1.09739,1.09711,2250000,1000000
2016-07-24 21:53:24.766000,1.09739,1.09711,1500000,1000000
2016-07-24 21:53:28.759000,1.09739,1.09711,2250000,1000000
2016-07-24 21:53:29.874000,1.09736,1.09711,1120000,1000000
2016-07-24 21:53:30.631000,1.09734,1.09711,1100000,1000000
2016-07-24 21:53:55.802000,1.09734,1.09710,1100000,1500000
2016-07-24 21:53:55.853000,1.09734,1.09709,1100000,1750000
2016-07-24 21:53:56.044000,1.09734,1.09710,1100000,1500000
2016-07-24 21:54:00.150000,1.09735,1.09710,1070000,1500000
2016-07-24 21:54:00.251000,1.09739,1.09710,1870000,1500000
2016-07-24 21:54:11.062000,1.09739,1.09709,1870000,1750000
2016-07-24 21:54:11.955000,1.09739,1.09710,1870000,1500000
2016-07-24 21:54:15.739000,1.09739,1.09711,2250000,1000000
2016-07-24 21:54:16.117000,1.09739,1.09711,1500000,1000000
2016-07-24 21:54:17.620000,1.09739,1.09711,2250000,1000000
2016-07-24 21:54:30.575000,1.09734,1.09711,1100000,1000000
2016-07-24 21:54:50.208000,1.09739,1.09711,2250000,1000000
2016-07-24 21:55:15.904000,1.09739,1.09710,1870000,1500000
2016-07-24 21:55:21.943000,1.09739,1.09710,1370000,1500000
2016-07-24 21:55:22.847000,1.09739,1.09710,1870000,1500000
2016-07-24 21:55:27.354000,1.09739,1.09710,1370000,1500000
2016-07-24 21:55:28.043000,1.09739,1.09710,1870000,1500000
2016-07-24 21:55:32.849000,1.09737,1.09710,1370000,1500000
2016-07-24 21:55:35.730000,1.09737,1.09711,1370000,1000000
2016-07-24 21:55:35.831000,1.09735,1.09711,1070000,1000000
2016-07-24 21:55:36.034000,1.09736,1.09711,1870000,1000000
2016-07-24 21:55:36.509000,1.09734,1.09711,1100000,1000000
2016-07-24 21:55:50.162000,1.09739,1.09711,2250000,1000000
2016-07-24 21:55:56.889000,1.09735,1.09711,1070000,1000000
2016-07-24 21:55:58.534000,1.09734,1.09711,1100000,1000000
2016-07-24 21:56:10.259000,1.09739,1.09711,2250000,1000000
2016-07-24 21:56:14.803000,1.09738,1.09711,1370000,1000000
2016-07-24 21:56:28.033000,1.09739,1.09711,2250000,1000000
2016-07-24 21:56:30.894000,1.09736,1.09711,1120000,1000000
2016-07-24 21:56:32.037000,1.09737,1.09711,1370000,1000000
2016-07-24 21:56:32.139000,1.09736,1.09711,1120000,1000000
2016-07-24 21:56:33.930000,1.09735,1.09711,1070000,1000000
2016-07-24 21:56:35.578000,1.09734,1.09711,1100000,1000000
2016-07-24 21:56:50.223000,1.09738,1.09711,1370000,1000000
2016-07-24 21:57:11.886000,1.09736,1.09711,1120000,1000000
2016-07-24 21:57:13.845000,1.09735,1.09711,1070000,1000000
2016-07-24 21:57:14.645000,1.09734,1.09711,1100000,1000000
2016-07-24 21:57:31.171000,1.09734,1.09711,1000000,1000000
2016-07-24 21:59:02.780000,1.09734,1.09711,750000,750000
2016-07-24 21:59:15.838000,1.09734,1.09711,750000,370000
2016-07-24 21:59:15.889000,1.09734,1.09710,750000,1500000
2016-07-24 21:59:16.455000,1.09734,1.09710,750000,750000
2016-07-24 21:59:16.865000,1.09734,1.09710,750000,1500000
2016-07-24 21:59:18.658000,1.09734,1.09710,750000,750000
2016-07-24 21:59:29.460000,1.09734,1.09712,750000,750000
2016-07-24 21:59:32.084000,1.09734,1.09712,820000,750000
2016-07-24 21:59:52.375000,1.09734,1.09712,820000,370000
2016-07-24 21:59:52.730000,1.09734,1.09712,820000,750000
2016-07-24 22:00:00.214000,1.09734,1.09715,820000,1120000
2016-07-24 22:00:00.265000,1.09734,1.09715,820000,1500000
2016-07-24 22:00:00.316000,1.09732,1.09715,750000,750000
2016-07-24 22:00:00.368000,1.09730,1.09715,750000,750000
2016-07-24 22:00:00.521000,1.09720,1.09715,1500000,370000
2016-07-24 22:00:00.572000,1.09720,1.09714,750000,1500000
2016-07-24 22:00:00.623000,1.09718,1.09715,750000,370000
2016-07-24 22:00:00.674000,1.09718,1.09715,750000,750000
2016-07-24 22:00:00.726000,1.09717,1.09715,370000,370000
2016-07-24 22:00:00.785000,1.09717,1.09710,750000,600000
2016-07-24 22:00:00.836000,1.09716,1.09706,370000,370000
2016-07-24 22:00:00.938000,1.09715,1.09706,750000,370000
2016-07-24 22:00:00.989000,1.09714,1.09705,370000,370000
2016-07-24 22:00:01.041000,1.09714,1.09704,750000,750000
2016-07-24 22:00:01.193000,1.09712,1.09704,370000,370000
2016-07-24 22:00:01.256000,1.09708,1.09702,1500000,750000
2016-07-24 22:00:01.359000,1.09708,1.09702,750000,750000
2016-07-24 22:00:01.460000,1.09708,1.09702,1500000,750000
2016-07-24 22:00:01.678000,1.09712,1.09702,1500000,750000
2016-07-24 22:00:02.102000,1.09710,1.09702,370000,370000
2016-07-24 22:00:02.154000,1.09710,1.09700,750000,1500000
2016-07-24 22:00:02.256000,1.09710,1.09700,750000,750000
2016-07-24 22:00:02.482000,1.09710,1.09700,1500000,750000
2016-07-24 22:00:02.858000,1.09710,1.09700,750000,750000
2016-07-24 22:00:02.983000,1.09710,1.09700,1500000,750000
2016-07-24 22:00:03.034000,1.09710,1.09700,750000,750000
2016-07-24 22:00:03.155000,1.09710,1.09700,1500000,750000
2016-07-24 22:00:03.716000,1.09710,1.09700,2250000,370000
2016-07-24 22:00:03.767000,1.09709,1.09699,370000,370000
2016-07-24 22:00:05.213000,1.09708,1.09699,370000,370000
2016-07-24 22:00:05.264000,1.09708,1.09698,750000,750000
2016-07-24 22:00:15.741000,1.09707,1.09698,370000,370000
2016-07-24 22:00:15.792000,1.09707,1.09697,750000,750000
2016-07-24 22:00:17.035000,1.09707,1.09700,750000,750000
2016-07-24 22:00:18.710000,1.09707,1.09698,750000,750000
2016-07-24 22:00:24.450000,1.09707,1.09699,370000,370000
2016-07-24 22:00:24.501000,1.09709,1.09699,370000,370000
2016-07-24 22:00:24.552000,1.09710,1.09701,2620000,370000
2016-07-24 22:00:24.603000,1.09710,1.09701,750000,750000
2016-07-24 22:00:24.705000,1.09712,1.09701,1500000,750000
2016-07-24 22:00:24.757000,1.09712,1.09702,1500000,750000
2016-07-24 22:00:24.809000,1.09712,1.09703,370000,370000
2016-07-24 22:00:24.860000,1.09714,1.09703,750000,750000
2016-07-24 22:00:27.670000,1.09714,1.09704,750000,750000
2016-07-24 22:00:27.721000,1.09714,1.09704,750000,1120000
2016-07-24 22:00:27.772000,1.09714,1.09704,370000,1120000
2016-07-24 22:00:33.309000,1.09714,1.09705,370000,750000
2016-07-24 22:00:33.411000,1.09715,1.09706,370000,370000
2016-07-24 22:00:33.462000,1.09716,1.09706,750000,750000
2016-07-24 22:00:33.513000,1.09716,1.09706,370000,750000
2016-07-24 22:00:33.564000,1.09717,1.09706,750000,750000
2016-07-24 22:00:35.775000,1.09717,1.09706,750000,1500000
2016-07-24 22:00:35.826000,1.09717,1.09707,750000,370000
2016-07-24 22:00:35.877000,1.09717,1.09707,750000,750000
2016-07-24 22:00:55.733000,1.09717,1.09708,370000,370000
2016-07-24 22:00:56.245000,1.09718,1.09708,370000,370000
2016-07-24 22:01:04.415000,1.09718,1.09710,370000,750000
2016-07-24 22:01:04.925000,1.09718,1.09709,370000,750000
2016-07-24 22:01:07.609000,1.09718,1.09708,370000,370000
2016-07-24 22:01:07.660000,1.09720,1.09710,370000,750000
2016-07-24 22:01:07.711000,1.09720,1.09710,370000,2620000
2016-07-24 22:01:07.915000,1.09720,1.09714,370000,750000
2016-07-24 22:01:08.426000,1.09720,1.09713,370000,750000
2016-07-24 22:01:15.758000,1.09721,1.09713,1500000,750000
2016-07-24 22:01:15.860000,1.09721,1.09713,750000,750000
2016-07-24 22:01:16.030000,1.09721,1.09713,750000,2250000
2016-07-24 22:01:16.104000,1.09718,1.09713,370000,2250000
2016-07-24 22:01:16.156000,1.09718,1.09713,750000,2250000
2016-07-24 22:01:16.207000,1.09718,1.09713,750000,1500000
2016-07-24 22:01:16.258000,1.09718,1.09712,750000,750000
2016-07-24 22:01:17.034000,1.09718,1.09710,750000,3750000
2016-07-24 22:01:17.086000,1.09716,1.09710,750000,3150000
2016-07-24 22:01:17.138000,1.09716,1.09710,750000,150000
2016-07-24 22:01:17.303000,1.09716,1.09709,750000,450000
2016-07-24 22:01:17.359000,1.09716,1.09706,750000,750000
2016-07-24 22:01:17.885000,1.09716,1.09707,750000,750000
2016-07-24 22:01:18.629000,1.09716,1.09706,750000,750000
2016-07-24 22:01:18.680000,1.09714,1.09705,750000,1120000
2016-07-24 22:01:18.731000,1.09714,1.09707,750000,750000
2016-07-24 22:01:19.220000,1.09714,1.09705,750000,1870000
2016-07-24 22:01:19.322000,1.09714,1.09705,750000,1870000
2016-07-24 22:01:19.424000,1.09714,1.09705,750000,2250000
2016-07-24 22:01:19.630000,1.09714,1.09707,750000,750000
2016-07-24 22:01:19.839000,1.09714,1.09705,750000,3370000
2016-07-24 22:01:19.941000,1.09714,1.09707,750000,750000
2016-07-24 22:01:20.146000,1.09714,1.09705,750000,2620000
2016-07-24 22:01:20.197000,1.09714,1.09705,750000,1500000
2016-07-24 22:01:20.249000,1.09714,1.09706,750000,750000
2016-07-24 22:01:21.044000,1.09714,1.09705,750000,1870000
2016-07-24 22:01:21.096000,1.09711,1.09705,750000,1120000
2016-07-24 22:01:21.147000,1.09711,1.09702,750000,750000
2016-07-24 22:01:21.198000,1.09710,1.09705,750000,150000
2016-07-24 22:01:21.249000,1.09710,1.09705,750000,600000
2016-07-24 22:01:23.269000,1.09710,1.09705,750000,450000
2016-07-24 22:01:23.320000,1.09710,1.09701,750000,750000
2016-07-24 22:01:23.371000,1.09709,1.09701,1120000,750000
2016-07-24 22:01:23.423000,1.09708,1.09702,370000,750000
2016-07-24 22:01:24.366000,1.09708,1.09701,370000,750000
2016-07-24 22:01:24.894000,1.09708,1.09702,370000,750000
2016-07-24 22:01:25.478000,1.09708,1.09703,370000,750000
2016-07-24 22:01:26.397000,1.09708,1.09702,370000,750000
2016-07-24 22:01:29.647000,1.09708,1.09700,370000,3750000
2016-07-24 22:01:29.710000,1.09708,1.09700,370000,3370000
2016-07-24 22:01:29.761000,1.09708,1.09702,370000,750000
2016-07-24 22:01:30.312000,1.09708,1.09701,370000,750000
2016-07-24 22:01:30.668000,1.09708,1.09703,370000,750000
2016-07-24 22:01:31.770000,1.09708,1.09702,370000,750000
2016-07-24 22:01:32.314000,1.09708,1.09701,370000,750000
2016-07-24 22:01:32.715000,1.09708,1.09703,370000,750000
2016-07-24 22:01:33.166000,1.09708,1.09701,370000,750000
2016-07-24 22:01:33.573000,1.09708,1.09700,370000,1120000
2016-07-24 22:01:33.740000,1.09708,1.09702,370000,750000
2016-07-24 22:01:33.842000,1.09708,1.09700,370000,2250000
2016-07-24 22:01:33.944000,1.09708,1.09701,370000,750000
2016-07-24 22:01:34.778000,1.09708,1.09700,370000,3000000
2016-07-24 22:01:34.847000,1.09708,1.09700,370000,2250000
2016-07-24 22:01:36.741000,1.09708,1.09701,370000,750000
2016-07-24 22:01:36.842000,1.09708,1.09700,370000,2250000
2016-07-24 22:01:36.995000,1.09708,1.09700,1120000,1870000
2016-07-24 22:01:37.046000,1.09706,1.09700,370000,450000
2016-07-24 22:01:37.149000,1.09706,1.09700,750000,450000
2016-07-24 22:01:40.337000,1.09706,1.09700,750000,600000
2016-07-24 22:01:41.289000,1.09705,1.09700,750000,450000
2016-07-24 22:01:41.340000,1.09704,1.09700,370000,450000
2016-07-24 22:01:41.391000,1.09704,1.09696,370000,1120000
2016-07-24 22:01:41.442000,1.09704,1.09700,750000,750000
2016-07-24 22:01:41.647000,1.09704,1.09695,750000,5250000
2016-07-24 22:01:41.700000,1.09703,1.09695,1500000,2250000
2016-07-24 22:01:41.761000,1.09702,1.09695,370000,1870000
2016-07-24 22:01:41.813000,1.09702,1.09695,750000,1870000
2016-07-24 22:01:41.967000,1.09702,1.09696,750000,750000
2016-07-24 22:01:42.272000,1.09702,1.09695,750000,2620000
2016-07-24 22:01:42.475000,1.09702,1.09699,750000,750000
2016-07-24 22:01:43.587000,1.09702,1.09695,750000,1570000
2016-07-24 22:01:43.638000,1.09702,1.09695,750000,1350000
2016-07-24 22:01:43.689000,1.09702,1.09695,750000,600000
2016-07-24 22:01:44.402000,1.09701,1.09695,750000,450000
2016-07-24 22:01:44.454000,1.09700,1.09695,370000,450000
2016-07-24 22:01:44.559000,1.09698,1.09694,370000,450000
2016-07-24 22:01:44.610000,1.09698,1.09694,370000,600000
2016-07-24 22:01:44.662000,1.09698,1.09695,370000,450000
2016-07-24 22:01:45.172000,1.09699,1.09695,370000,450000
2016-07-24 22:01:45.274000,1.09699,1.09694,370000,150000
2016-07-24 22:01:45.814000,1.09699,1.09695,370000,150000
2016-07-24 22:01:50.580000,1.09700,1.09695,3000000,150000
2016-07-24 22:01:50.631000,1.09700,1.09695,1500000,150000
2016-07-24 22:01:51.115000,1.09700,1.09695,1500000,370000
2016-07-24 22:01:51.166000,1.09700,1.09698,370000,750000
2016-07-24 22:01:51.269000,1.09701,1.09698,750000,750000
2016-07-24 22:01:51.574000,1.09701,1.09695,750000,3000000
2016-07-24 22:01:51.626000,1.09701,1.09695,750000,370000
2016-07-24 22:01:51.677000,1.09701,1.09698,750000,750000
2016-07-24 22:01:51.880000,1.09701,1.09695,750000,1500000
2016-07-24 22:01:51.931000,1.09701,1.09696,750000,370000
2016-07-24 22:01:51.983000,1.09701,1.09698,750000,750000
2016-07-24 22:01:53.785000,1.09701,1.09696,750000,370000
2016-07-24 22:01:53.873000,1.09701,1.09695,750000,4120000
2016-07-24 22:01:53.925000,1.09701,1.09695,750000,2250000
2016-07-24 22:01:54.027000,1.09701,1.09695,750000,1500000
2016-07-24 22:01:57.244000,1.09701,1.09696,750000,370000
2016-07-24 22:02:01.065000,1.09701,1.09695,750000,3000000
2016-07-24 22:02:01.117000,1.09701,1.09695,750000,1500000
2016-07-24 22:02:18.819000,1.09703,1.09695,750000,1500000
2016-07-24 22:02:31.389000,1.09703,1.09695,750000,1270000
2016-07-24 22:02:31.491000,1.09703,1.09695,750000,150000
2016-07-24 22:02:35.058000,1.09703,1.09695,750000,370000
2016-07-24 22:02:35.160000,1.09703,1.09695,750000,1120000
2016-07-24 22:02:35.212000,1.09703,1.09695,750000,2250000
2016-07-24 22:02:35.263000,1.09703,1.09695,750000,1500000
2016-07-24 22:02:38.288000,1.09703,1.09695,750000,1270000
2016-07-24 22:02:38.390000,1.09703,1.09695,750000,600000
2016-07-24 22:02:44.593000,1.09703,1.09695,750000,820000
2016-07-24 22:02:44.694000,1.09703,1.09695,750000,1500000
2016-07-24 22:02:44.746000,1.09703,1.09695,750000,2250000
2016-07-24 22:02:44.847000,1.09703,1.09695,750000,1500000
2016-07-24 22:02:44.898000,1.09703,1.09695,750000,600000
2016-07-24 22:02:45.360000,1.09703,1.09696,750000,370000
2016-07-24 22:02:55.540000,1.09703,1.09695,750000,3600000
2016-07-24 22:02:55.591000,1.09703,1.09695,750000,4350000
2016-07-24 22:02:55.693000,1.09703,1.09695,750000,2400000
2016-07-24 22:02:55.795000,1.09703,1.09695,750000,4350000
2016-07-24 22:02:55.948000,1.09703,1.09696,750000,370000
2016-07-24 22:03:00.510000,1.09703,1.09700,750000,150000
2016-07-24 22:03:00.561000,1.09704,1.09700,1500000,150000
2016-07-24 22:03:00.612000,1.09704,1.09700,750000,600000
2016-07-24 22:03:00.765000,1.09706,1.09700,750000,600000
2016-07-24 22:03:00.868000,1.09706,1.09700,750000,2100000
2016-07-24 22:03:00.919000,1.09706,1.09700,750000,3000000
2016-07-24 22:03:01.786000,1.09706,1.09700,750000,3370000
2016-07-24 22:03:02.583000,1.09706,1.09700,750000,4120000
2016-07-24 22:03:03.488000,1.09706,1.09701,750000,1500000
2016-07-24 22:03:03.539000,1.09706,1.09701,370000,1500000
2016-07-24 22:03:03.591000,1.09708,1.09701,750000,1500000
2016-07-24 22:03:03.641000,1.09708,1.09701,370000,1500000
2016-07-24 22:03:03.693000,1.09709,1.09701,750000,1500000
2016-07-24 22:03:04.150000,1.09709,1.09701,750000,1870000
2016-07-24 22:03:04.353000,1.09709,1.09701,750000,1500000
2016-07-24 22:03:04.523000,1.09709,1.09701,750000,1870000
2016-07-24 22:03:04.989000,1.09709,1.09701,750000,1500000
2016-07-24 22:03:05.396000,1.09709,1.09700,750000,4120000
2016-07-24 22:03:05.497000,1.09709,1.09700,750000,3000000
2016-07-24 22:03:05.701000,1.09709,1.09700,750000,3750000
2016-07-24 22:03:06.394000,1.09709,1.09700,750000,3000000
2016-07-24 22:03:06.547000,1.09709,1.09700,750000,3750000
2016-07-24 22:03:06.649000,1.09709,1.09700,750000,3000000
2016-07-24 22:03:06.701000,1.09709,1.09700,750000,1500000
2016-07-24 22:03:06.770000,1.09709,1.09700,750000,2620000
2016-07-24 22:03:07.076000,1.09709,1.09700,750000,1870000
2016-07-24 22:03:07.178000,1.09709,1.09700,750000,1500000
2016-07-24 22:03:07.266000,1.09709,1.09700,750000,2250000
2016-07-24 22:03:07.572000,1.09709,1.09700,750000,3000000
2016-07-24 22:03:07.673000,1.09709,1.09700,750000,1500000
2016-07-24 22:03:07.775000,1.09709,1.09700,750000,2250000
2016-07-24 22:03:07.877000,1.09709,1.09700,750000,3000000
2016-07-24 22:03:08.283000,1.09709,1.09700,750000,2250000
2016-07-24 22:03:08.487000,1.09709,1.09700,750000,3000000
2016-07-24 22:03:08.538000,1.09709,1.09700,750000,2250000
2016-07-24 22:03:08.649000,1.09709,1.09700,750000,3000000
2016-07-24 22:03:08.903000,1.09709,1.09700,750000,2250000
2016-07-24 22:03:09.090000,1.09709,1.09700,750000,3000000
2016-07-24 22:03:09.404000,1.09709,1.09700,750000,2250000
2016-07-24 22:03:09.607000,1.09709,1.09700,750000,3000000
2016-07-24 22:03:09.811000,1.09709,1.09700,750000,2250000
2016-07-24 22:03:10.167000,1.09709,1.09700,750000,1500000
2016-07-24 22:03:10.218000,1.09709,1.09700,750000,3000000
2016-07-24 22:03:10.389000,1.09709,1.09700,750000,3750000
2016-07-24 22:03:10.808000,1.09709,1.09700,750000,3000000
2016-07-24 22:03:11.012000,1.09709,1.09701,750000,750000
2016-07-24 22:03:11.368000,1.09709,1.09700,750000,3000000
2016-07-24 22:03:11.571000,1.09709,1.09701,750000,750000
2016-07-24 22:03:11.673000,1.09709,1.09700,750000,3750000
2016-07-24 22:03:11.825000,1.09709,1.09700,750000,2250000
2016-07-24 22:03:11.876000,1.09709,1.09700,750000,1500000
2016-07-24 22:03:11.927000,1.09709,1.09700,750000,3000000
2016-07-24 22:03:12.111000,1.09709,1.09701,750000,750000
2016-07-24 22:03:12.213000,1.09709,1.09700,750000,3000000
2016-07-24 22:03:12.315000,1.09709,1.09701,750000,750000
2016-07-24 22:03:12.713000,1.09709,1.09700,750000,3000000
2016-07-24 22:03:12.866000,1.09709,1.09700,750000,3750000
2016-07-24 22:03:12.917000,1.09709,1.09700,750000,2250000
2016-07-24 22:03:12.968000,1.09709,1.09700,750000,1500000
2016-07-24 22:03:13.376000,1.09709,1.09700,750000,2250000
2016-07-24 22:03:13.682000,1.09709,1.09700,750000,1500000
2016-07-24 22:03:13.912000,1.09709,1.09701,750000,750000
2016-07-24 22:03:14.270000,1.09709,1.09700,750000,1500000
2016-07-24 22:03:14.473000,1.09709,1.09701,750000,750000
2016-07-24 22:03:14.881000,1.09709,1.09700,750000,3000000
2016-07-24 22:03:15.186000,1.09709,1.09700,750000,3750000
2016-07-24 22:03:15.557000,1.09709,1.09700,750000,3000000
2016-07-24 22:03:15.811000,1.09709,1.09700,750000,3750000
2016-07-24 22:03:16.099000,1.09709,1.09700,750000,3000000
2016-07-24 22:03:16.303000,1.09709,1.09701,750000,750000
2016-07-24 22:03:16.711000,1.09709,1.09700,750000,3750000
2016-07-24 22:03:16.765000,1.09709,1.09700,750000,3000000
2016-07-24 22:03:16.816000,1.09709,1.09701,750000,750000
2016-07-24 22:03:17.123000,1.09709,1.09701,1500000,750000
2016-07-24 22:03:17.174000,1.09709,1.09700,1500000,3370000
2016-07-24 22:03:17.226000,1.09708,1.09700,750000,2620000
2016-07-24 22:03:17.277000,1.09707,1.09700,370000,2620000
2016-07-24 22:03:17.328000,1.09707,1.09700,750000,2620000
2016-07-24 22:03:17.397000,1.09707,1.09701,750000,750000
2016-07-24 22:03:17.703000,1.09707,1.09700,750000,3370000
2016-07-24 22:03:17.754000,1.09707,1.09704,750000,370000
2016-07-24 22:03:17.857000,1.09707,1.09705,750000,600000
2016-07-24 22:03:17.909000,1.09709,1.09705,2250000,600000
2016-07-24 22:03:17.960000,1.09705,1.09700,370000,1870000
2016-07-24 22:03:18.011000,1.09705,1.09701,370000,750000
2016-07-24 22:03:18.062000,1.09705,1.09701,750000,750000
2016-07-24 22:03:18.113000,1.09705,1.09700,370000,1120000
2016-07-24 22:03:18.164000,1.09707,1.09700,370000,1120000
2016-07-24 22:03:18.402000,1.09707,1.09701,370000,1500000
2016-07-24 22:03:18.453000,1.09707,1.09705,370000,600000
2016-07-24 22:03:18.504000,1.09710,1.09705,750000,600000
2016-07-24 22:03:18.555000,1.09710,1.09705,750000,450000
2016-07-24 22:03:18.606000,1.09712,1.09705,3070000,450000
2016-07-24 22:03:18.657000,1.09712,1.09705,2320000,600000
2016-07-24 22:03:18.708000,1.09711,1.09705,750000,600000
2016-07-24 22:03:18.810000,1.09712,1.09705,2320000,600000
2016-07-24 22:03:19.072000,1.09712,1.09705,820000,600000
2016-07-24 22:03:20.185000,1.09712,1.09705,450000,600000
2016-07-24 22:03:20.236000,1.09712,1.09705,100000,600000
2016-07-24 22:03:35.129000,1.09712,1.09710,100000,2620000
2016-07-24 22:03:35.180000,1.09712,1.09711,100000,150000
2016-07-24 22:03:35.231000,1.09712,1.09710,100000,750000
2016-07-24 22:03:35.282000,1.09712,1.09710,100000,1350000
2016-07-24 22:03:35.338000,1.09711,1.09710,1500000,1200000
2016-07-24 22:03:35.391000,1.09711,1.09710,2250000,750000
2016-07-24 22:03:35.446000,1.09712,1.09711,3000000,370000
2016-07-24 22:03:35.498000,1.09712,1.09705,370000,970000
2016-07-24 22:03:35.551000,1.09712,1.09705,750000,600000
2016-07-24 22:03:36.268000,1.09712,1.09710,750000,1500000
2016-07-24 22:03:36.371000,1.09713,1.09710,750000,600000
2016-07-24 22:03:36.423000,1.09714,1.09710,100000,600000
2016-07-24 22:03:36.749000,1.09714,1.09710,100000,450000
2016-07-24 22:03:36.962000,1.09714,1.09710,100000,600000
2016-07-24 22:03:37.168000,1.09714,1.09707,100000,750000
2016-07-24 22:03:37.219000,1.09714,1.09705,1200000,600000
2016-07-24 22:03:37.270000,1.09714,1.09705,1950000,600000
2016-07-24 22:03:37.321000,1.09713,1.09705,750000,600000
2016-07-24 22:03:37.475000,1.09713,1.09705,2250000,600000
2016-07-24 22:03:37.526000,1.09712,1.09705,750000,600000
2016-07-24 22:03:38.092000,1.09712,1.09705,750000,150000
2016-07-24 22:03:39.059000,1.09712,1.09705,750000,600000
2016-07-24 22:03:43.067000,1.09712,1.09710,1500000,600000
2016-07-24 22:03:43.132000,1.09712,1.09710,1120000,600000
2016-07-24 22:03:43.183000,1.09711,1.09710,370000,450000
2016-07-24 22:03:43.236000,1.09711,1.09710,1120000,450000
2016-07-24 22:03:43.288000,1.09710,1.09705,750000,600000
2016-07-24 22:03:43.390000,1.09712,1.09705,750000,600000
2016-07-24 22:03:43.854000,1.09712,1.09710,750000,150000
2016-07-24 22:03:43.956000,1.09713,1.09710,1500000,150000
2016-07-24 22:03:44.007000,1.09713,1.09710,750000,600000
2016-07-24 22:03:44.058000,1.09710,1.09709,750000,450000
2016-07-24 22:03:44.110000,1.09710,1.09709,1500000,450000
2016-07-24 22:03:44.161000,1.09710,1.09709,750000,450000
2016-07-24 22:03:44.212000,1.09711,1.09704,1870000,1120000
2016-07-24 22:03:44.264000,1.09710,1.09704,750000,1120000
2016-07-24 22:03:44.315000,1.09709,1.09704,370000,1120000
2016-07-24 22:03:44.368000,1.09709,1.09704,750000,1120000
2016-07-24 22:03:44.419000,1.09709,1.09704,370000,1120000
2016-07-24 22:03:44.470000,1.09711,1.09705,2250000,150000
2016-07-24 22:03:44.522000,1.09710,1.09705,370000,150000
2016-07-24 22:03:44.573000,1.09710,1.09705,750000,600000
2016-07-24 22:03:44.675000,1.09710,1.09705,750000,450000
2016-07-24 22:03:44.777000,1.09710,1.09705,750000,150000
2016-07-24 22:03:44.828000,1.09711,1.09705,1500000,150000
2016-07-24 22:03:44.879000,1.09711,1.09705,750000,450000
2016-07-24 22:03:45.518000,1.09711,1.09705,750000,600000
2016-07-24 22:03:49.379000,1.09711,1.09705,750000,450000
2016-07-24 22:03:49.684000,1.09711,1.09705,750000,600000
2016-07-24 22:03:55.239000,1.09711,1.09705,370000,600000
2016-07-24 22:03:55.290000,1.09712,1.09705,750000,600000
2016-07-24 22:03:56.015000,1.09712,1.09705,1500000,600000
2016-07-24 22:03:58.682000,1.09712,1.09705,3000000,600000
2016-07-24 22:03:58.803000,1.09711,1.09710,750000,150000
2016-07-24 22:03:58.855000,1.09711,1.09710,370000,600000
2016-07-24 22:03:58.906000,1.09712,1.09710,750000,450000
2016-07-24 22:03:58.958000,1.09714,1.09708,3820000,750000
2016-07-24 22:03:59.009000,1.09713,1.09705,820000,450000
2016-07-24 22:03:59.061000,1.09711,1.09705,750000,450000
2016-07-24 22:03:59.118000,1.09711,1.09705,1500000,600000
2016-07-24 22:03:59.170000,1.09710,1.09705,750000,600000
2016-07-24 22:03:59.781000,1.09711,1.09710,750000,150000
2016-07-24 22:03:59.832000,1.09711,1.09710,750000,600000
2016-07-24 22:03:59.883000,1.09711,1.09710,370000,450000
2016-07-24 22:03:59.985000,1.09713,1.09710,1500000,450000
2016-07-24 22:04:00.036000,1.09712,1.09705,370000,450000
2016-07-24 22:04:00.088000,1.09712,1.09705,750000,450000
2016-07-24 22:04:00.291000,1.09712,1.09705,2250000,600000
2016-07-24 22:04:00.342000,1.09711,1.09705,370000,600000
2016-07-24 22:04:00.393000,1.09711,1.09705,750000,600000
2016-07-24 22:04:00.699000,1.09711,1.09705,750000,820000
2016-07-24 22:04:00.750000,1.09711,1.09705,750000,1570000
2016-07-24 22:04:00.853000,1.09711,1.09705,750000,1500000
2016-07-24 22:04:01.138000,1.09711,1.09710,750000,450000
2016-07-24 22:04:01.190000,1.09712,1.09710,2250000,450000
2016-07-24 22:04:01.241000,1.09711,1.09705,370000,1500000
2016-07-24 22:04:01.292000,1.09711,1.09705,750000,1500000
2016-07-24 22:04:01.855000,1.09711,1.09705,750000,2250000
2016-07-24 22:04:02.162000,1.09711,1.09705,750000,1500000
2016-07-24 22:04:02.639000,1.09711,1.09705,750000,2250000
2016-07-24 22:04:03.032000,1.09711,1.09705,750000,1500000
2016-07-24 22:04:03.134000,1.09711,1.09705,1000000,1500000
2016-07-24 22:04:03.643000,1.09712,1.09705,1500000,2250000
2016-07-24 22:04:03.694000,1.09712,1.09705,1000000,2250000
2016-07-24 22:04:04.069000,1.09712,1.09705,1000000,1500000
2016-07-24 22:04:04.681000,1.09712,1.09705,1500000,2250000
2016-07-24 22:04:04.787000,1.09712,1.09705,1000000,2250000
2016-07-24 22:04:04.940000,1.09712,1.09705,1000000,1500000
2016-07-24 22:04:04.991000,1.09712,1.09705,1500000,1500000
2016-07-24 22:04:05.093000,1.09712,1.09705,2250000,1500000
2016-07-24 22:04:05.474000,1.09712,1.09705,2250000,2250000
2016-07-24 22:04:05.892000,1.09712,1.09705,2250000,1500000
2016-07-24 22:04:06.198000,1.09711,1.09705,1000000,1500000
2016-07-24 22:04:06.300000,1.09711,1.09705,1500000,1500000
2016-07-24 22:04:06.402000,1.09710,1.09705,1000000,1500000
2016-07-24 22:04:07.293000,1.09710,1.09705,1000000,2250000
2016-07-24 22:04:07.650000,1.09710,1.09705,1000000,1500000
2016-07-24 22:04:08.159000,1.09710,1.09705,1000000,2250000
2016-07-24 22:04:08.566000,1.09710,1.09705,1000000,1500000
2016-07-24 22:04:09.177000,1.09710,1.09705,1000000,2250000
2016-07-24 22:04:09.487000,1.09710,1.09705,1000000,1500000
2016-07-24 22:04:10.182000,1.09710,1.09705,1000000,2250000
2016-07-24 22:04:10.487000,1.09710,1.09705,1000000,1500000
2016-07-24 22:04:11.052000,1.09710,1.09706,1000000,1000000
2016-07-24 22:04:11.359000,1.09710,1.09705,1000000,2250000
2016-07-24 22:04:11.461000,1.09710,1.09705,1000000,1500000
2016-07-24 22:04:11.985000,1.09710,1.09705,1000000,2250000
2016-07-24 22:04:12.393000,1.09710,1.09705,1000000,1500000
2016-07-24 22:04:14.893000,1.09710,1.09705,1000000,2250000
2016-07-24 22:04:15.271000,1.09710,1.09704,1000000,2250000
2016-07-24 22:04:15.322000,1.09711,1.09704,2250000,3520000
2016-07-24 22:04:15.373000,1.09711,1.09704,2250000,2100000
2016-07-24 22:04:15.424000,1.09710,1.09701,1000000,3070000
2016-07-24 22:04:15.475000,1.09710,1.09701,1000000,3450000
2016-07-24 22:04:15.526000,1.09710,1.09701,1000000,1950000
2016-07-24 22:04:15.577000,1.09710,1.09704,1000000,1500000
2016-07-24 22:04:15.679000,1.09710,1.09705,1000000,1120000
2016-07-24 22:04:15.730000,1.09710,1.09705,1000000,1500000
2016-07-24 22:04:15.781000,1.09712,1.09705,2250000,1500000
2016-07-24 22:04:15.832000,1.09711,1.09705,1000000,1500000
2016-07-24 22:04:16.222000,1.09711,1.09705,1000000,3000000
2016-07-24 22:04:16.579000,1.09711,1.09705,1000000,1500000
2016-07-24 22:04:17.089000,1.09711,1.09705,1000000,2250000
2016-07-24 22:04:17.496000,1.09711,1.09705,1000000,1500000
2016-07-24 22:04:18.098000,1.09711,1.09705,1000000,3000000
2016-07-24 22:04:18.376000,1.09711,1.09705,1000000,2250000
2016-07-24 22:04:18.478000,1.09711,1.09704,1000000,1500000
2016-07-24 22:04:18.977000,1.09711,1.09705,1000000,1120000
2016-07-24 22:04:19.380000,1.09711,1.09704,1000000,1500000
2016-07-24 22:04:19.888000,1.09711,1.09705,1000000,1120000
