time,ask,bid,ask_volume,bid_volume
2016-05-16 00:00:00.142000,1.13177,1.13173,1870000,1000000
2016-05-16 00:00:00.714000,1.13178,1.13173,2020000,1250000
2016-05-16 00:00:00.766000,1.13176,1.13172,1000000,5060000
2016-05-16 00:00:01.070000,1.13172,1.13170,1000000,1000000
2016-05-16 00:00:01.172000,1.13172,1.13166,1000000,6940000
2016-05-16 00:00:01.683000,1.13172,1.13168,1000000,4200000
2016-05-16 00:00:01.941000,1.13170,1.13165,1000000,10120000
2016-05-16 00:00:02.481000,1.13168,1.13164,1500000,3940000
2016-05-16 00:00:02.786000,1.13166,1.13164,1690000,1000000
2016-05-16 00:00:03.289000,1.13166,1.13164,1250000,1000000
2016-05-16 00:00:03.492000,1.13165,1.13161,6000000,1500000
2016-05-16 00:00:03.543000,1.13165,1.13163,6000000,1190000
2016-05-16 00:00:03.645000,1.13167,1.13163,1120000,1000000
2016-05-16 00:00:04.192000,1.13168,1.13163,1370000,3190000
2016-05-16 00:00:04.699000,1.13168,1.13163,1000000,2810000
2016-05-16 00:00:05.090000,1.13165,1.13162,1000000,1500000
2016-05-16 00:00:05.597000,1.13166,1.13161,1000000,1100000
2016-05-16 00:00:06.101000,1.13167,1.13162,1250000,2620000
2016-05-16 00:00:06.608000,1.13168,1.13163,4390000,1000000
2016-05-16 00:00:06.912000,1.13165,1.13161,11440000,1500000
2016-05-16 00:00:07.039000,1.13165,1.13159,9260000,1000000
2016-05-16 00:00:07.546000,1.13164,1.13158,3000000,2810000
2016-05-16 00:00:07.702000,1.13162,1.13158,1000000,2440000
2016-05-16 00:00:08.504000,1.13163,1.13158,1120000,2810000
2016-05-16 00:00:12.314000,1.13162,1.13158,1000000,2440000
2016-05-16 00:00:12.654000,1.13160,1.13156,1250000,2440000
2016-05-16 00:00:23.557000,1.13160,1.13155,3750000,3940000
2016-05-16 00:00:26.418000,1.13161,1.13155,3000000,3560000
2016-05-16 00:00:28.560000,1.13161,1.13156,2620000,1000000
2016-05-16 00:00:29.167000,1.13160,1.13156,1000000,2620000
2016-05-16 00:00:31.372000,1.13160,1.13156,1000000,3750000
2016-05-16 00:00:32.170000,1.13161,1.13156,1120000,3370000
2016-05-16 00:00:33.862000,1.13162,1.13156,1310000,5620000
2016-05-16 00:00:34.378000,1.13161,1.13156,1000000,4120000
2016-05-16 00:00:35.558000,1.13160,1.13156,1000000,6000000
2016-05-16 00:00:36.787000,1.13160,1.13156,1000000,3370000
2016-05-16 00:00:37.980000,1.13160,1.13156,1000000,3750000
2016-05-16 00:00:38.338000,1.13161,1.13158,2440000,1650000
2016-05-16 00:00:38.848000,1.13162,1.13159,1310000,1500000
2016-05-16 00:00:39.355000,1.13163,1.13159,1000000,9560000
2016-05-16 00:00:42.695000,1.13164,1.13159,1870000,9560000
2016-05-16 00:00:43.955000,1.13164,1.13159,1000000,12370000
2016-05-16 00:00:45.846000,1.13164,1.13161,1000000,1000000
2016-05-16 00:00:45.998000,1.13166,1.13161,1870000,4120000
2016-05-16 00:00:46.352000,1.13167,1.13163,1310000,1000000
2016-05-16 00:00:47.134000,1.13167,1.13162,1250000,3750000
2016-05-16 00:00:47.658000,1.13167,1.13163,1250000,1000000
2016-05-16 00:00:52.219000,1.13168,1.13165,2810000,1000000
2016-05-16 00:00:52.321000,1.13169,1.13166,1870000,1500000
2016-05-16 00:00:52.829000,1.13171,1.13166,5060000,1370000
2016-05-16 00:00:53.354000,1.13172,1.13168,1310000,1120000
2016-05-16 00:00:55.676000,1.13172,1.13167,1690000,3000000
2016-05-16 00:00:56.217000,1.13172,1.13168,1000000,1120000
2016-05-16 00:00:58.184000,1.13171,1.13167,1000000,4120000
2016-05-16 00:00:58.640000,1.13170,1.13165,6000000,2210000
2016-05-16 00:00:59.178000,1.13169,1.13164,2250000,4870000
2016-05-16 00:01:00.764000,1.13169,1.13165,2620000,1000000
2016-05-16 00:01:01.295000,1.13169,1.13164,2620000,7120000
2016-05-16 00:01:02.539000,1.13169,1.13165,3370000,1000000
2016-05-16 00:01:03.077000,1.13169,1.13164,2620000,4870000
2016-05-16 00:01:06.662000,1.13168,1.13164,1000000,4500000
2016-05-16 00:01:07.170000,1.13169,1.13163,5620000,5290000
2016-05-16 00:01:07.716000,1.13168,1.13164,1000000,1000000
2016-05-16 00:01:08.223000,1.13168,1.13163,1120000,2810000
2016-05-16 00:01:08.768000,1.13168,1.13163,1500000,2060000
2016-05-16 00:01:09.830000,1.13166,1.13163,1000000,1000000
2016-05-16 00:01:09.882000,1.13164,1.13162,1250000,1950000
2016-05-16 00:01:09.984000,1.13163,1.13160,1250000,10200000
2016-05-16 00:01:10.529000,1.13162,1.13160,1000000,3000000
2016-05-16 00:01:11.036000,1.13163,1.13160,1690000,3000000
2016-05-16 00:01:15.172000,1.13163,1.13160,1310000,3000000
2016-05-16 00:01:16.244000,1.13163,1.13159,3560000,2440000
2016-05-16 00:01:16.346000,1.13161,1.13158,1190000,4500000
2016-05-16 00:01:16.681000,1.13157,1.13155,1190000,1200000
2016-05-16 00:01:16.986000,1.13155,1.13154,1250000,8250000
2016-05-16 00:01:17.037000,1.13156,1.13154,1250000,9000000
2016-05-16 00:01:17.139000,1.13159,1.13155,2810000,1370000
2016-05-16 00:01:17.580000,1.13157,1.13155,1190000,5620000
2016-05-16 00:01:17.632000,1.13157,1.13153,1690000,4870000
2016-05-16 00:01:18.038000,1.13155,1.13151,2250000,1500000
2016-05-16 00:01:19.648000,1.13155,1.13152,2250000,3750000
2016-05-16 00:01:20.157000,1.13155,1.13153,1500000,3750000
2016-05-16 00:01:26.165000,1.13156,1.13153,1690000,3750000
2016-05-16 00:01:28.878000,1.13156,1.13152,1690000,1500000
2016-05-16 00:01:28.980000,1.13154,1.13152,1000000,1000000
2016-05-16 00:01:29.286000,1.13150,1.13148,1190000,3000000
2016-05-16 00:01:29.337000,1.13151,1.13150,1250000,1000000
2016-05-16 00:01:29.438000,1.13152,1.13149,1190000,1000000
2016-05-16 00:01:29.944000,1.13152,1.13148,1190000,4120000
2016-05-16 00:01:30.149000,1.13152,1.13150,1190000,1870000
2016-05-16 00:01:30.301000,1.13154,1.13151,1870000,1120000
2016-05-16 00:01:30.403000,1.13156,1.13151,3070000,1870000
2016-05-16 00:01:33.132000,1.13154,1.13149,1120000,13010000
2016-05-16 00:01:33.385000,1.13152,1.13148,3190000,1500000
2016-05-16 00:01:33.437000,1.13151,1.13148,1190000,1500000
2016-05-16 00:01:33.946000,1.13151,1.13147,1190000,2620000
2016-05-16 00:01:40.316000,1.13151,1.13147,1190000,1870000
2016-05-16 00:01:42.506000,1.13151,1.13147,2060000,1120000
2016-05-16 00:01:43.011000,1.13151,1.13146,3560000,1870000
2016-05-16 00:01:46.421000,1.13151,1.13146,1690000,2250000
2016-05-16 00:01:48.075000,1.13149,1.13146,1000000,2250000
2016-05-16 00:01:48.423000,1.13147,1.13145,1250000,1500000
2016-05-16 00:01:48.474000,1.13148,1.13143,3190000,3070000
2016-05-16 00:01:48.735000,1.13148,1.13144,1190000,4870000
2016-05-16 00:01:49.243000,1.13148,1.13144,1190000,4500000
2016-05-16 00:01:49.751000,1.13147,1.13144,1310000,3750000
2016-05-16 00:01:50.055000,1.13149,1.13146,3190000,2250000
2016-05-16 00:01:50.157000,1.13150,1.13149,1200000,2250000
2016-05-16 00:01:50.209000,1.13152,1.13149,1690000,2250000
2016-05-16 00:01:50.361000,1.13150,1.13149,1250000,1500000
2016-05-16 00:01:50.598000,1.13148,1.13146,1250000,1200000
2016-05-16 00:01:51.104000,1.13148,1.13145,1250000,2250000
2016-05-16 00:01:52.686000,1.13148,1.13144,1250000,12190000
2016-05-16 00:01:53.229000,1.13148,1.13145,1250000,1000000
2016-05-16 00:01:53.735000,1.13148,1.13144,1690000,9940000
2016-05-16 00:01:54.140000,1.13149,1.13144,2810000,12190000
2016-05-16 00:01:54.793000,1.13149,1.13144,2440000,9940000
2016-05-16 00:01:56.243000,1.13148,1.13144,1250000,11440000
2016-05-16 00:01:57.166000,1.13148,1.13144,1250000,10870000
2016-05-16 00:01:57.696000,1.13149,1.13144,2440000,12190000
2016-05-16 00:01:58.579000,1.13149,1.13145,1690000,1870000
2016-05-16 00:02:00.203000,1.13149,1.13145,2440000,1370000
2016-05-16 00:02:00.710000,1.13149,1.13145,1690000,1120000
2016-05-16 00:02:01.235000,1.13148,1.13145,1250000,1370000
2016-05-16 00:02:02.234000,1.13149,1.13144,2440000,8440000
2016-05-16 00:02:03.149000,1.13149,1.13144,5440000,8810000
2016-05-16 00:02:03.653000,1.13149,1.13144,6560000,9940000
2016-05-16 00:02:04.058000,1.13147,1.13143,1120000,1870000
2016-05-16 00:02:04.262000,1.13146,1.13141,2060000,7950000
2016-05-16 00:02:04.703000,1.13147,1.13143,1690000,3000000
2016-05-16 00:02:05.007000,1.13148,1.13144,1250000,9940000
2016-05-16 00:02:06.872000,1.13149,1.13144,3940000,9190000
2016-05-16 00:02:07.580000,1.13147,1.13144,1000000,9190000
2016-05-16 00:02:08.117000,1.13146,1.13142,1250000,1000000
2016-05-16 00:02:08.625000,1.13146,1.13141,1250000,2700000
2016-05-16 00:02:09.130000,1.13146,1.13141,3560000,2250000
2016-05-16 00:02:09.676000,1.13146,1.13141,1690000,1870000
2016-05-16 00:02:10.970000,1.13146,1.13141,3560000,2620000
2016-05-16 00:02:13.251000,1.13146,1.13141,7690000,1000000
2016-05-16 00:02:13.800000,1.13146,1.13140,7690000,3000000
2016-05-16 00:02:14.342000,1.13145,1.13140,5440000,1500000
2016-05-16 00:02:16.158000,1.13145,1.13140,1690000,2250000
2016-05-16 00:02:19.876000,1.13145,1.13140,2440000,3000000
2016-05-16 00:02:22.145000,1.13142,1.13140,1000000,1120000
2016-05-16 00:02:22.348000,1.13139,1.13136,2440000,2250000
2016-05-16 00:02:22.450000,1.13139,1.13135,1690000,5250000
2016-05-16 00:02:22.956000,1.13140,1.13135,1190000,3750000
2016-05-16 00:02:23.458000,1.13141,1.13137,1310000,1120000
2016-05-16 00:02:23.965000,1.13142,1.13138,3940000,1120000
2016-05-16 00:02:30.439000,1.13142,1.13137,3560000,2250000
2016-05-16 00:02:31.138000,1.13142,1.13138,3190000,1000000
2016-05-16 00:02:31.745000,1.13142,1.13137,3190000,3750000
2016-05-16 00:02:32.741000,1.13142,1.13138,3190000,1000000
2016-05-16 00:02:34.883000,1.13143,1.13139,4310000,1500000
2016-05-16 00:02:35.390000,1.13143,1.13139,2810000,3000000
2016-05-16 00:02:35.645000,1.13143,1.13138,6190000,1570000
2016-05-16 00:02:38.156000,1.13143,1.13138,3190000,2320000
2016-05-16 00:02:38.308000,1.13144,1.13139,3370000,3000000
2016-05-16 00:02:38.814000,1.13144,1.13141,2620000,1000000
2016-05-16 00:02:39.194000,1.13143,1.13139,1120000,2620000
2016-05-16 00:02:39.704000,1.13143,1.13138,3000000,1120000
2016-05-16 00:02:42.153000,1.13143,1.13138,4120000,1500000
2016-05-16 00:02:43.776000,1.13143,1.13139,1000000,2620000
2016-05-16 00:02:44.063000,1.13144,1.13140,2810000,2250000
2016-05-16 00:02:44.772000,1.13144,1.13140,2810000,4870000
2016-05-16 00:02:45.279000,1.13144,1.13139,5810000,2250000
2016-05-16 00:02:46.342000,1.13145,1.13140,1310000,1870000
2016-05-16 00:02:46.545000,1.13144,1.13141,1190000,1870000
2016-05-16 00:02:47.351000,1.13144,1.13141,1190000,1870000
2016-05-16 00:02:47.452000,1.13146,1.13141,2060000,2620000
2016-05-16 00:02:47.807000,1.13146,1.13144,1000000,3000000
2016-05-16 00:02:48.311000,1.13147,1.13144,1000000,2250000
2016-05-16 00:02:48.362000,1.13146,1.13143,1000000,8320000
2016-05-16 00:02:48.413000,1.13148,1.13143,1000000,1500000
2016-05-16 00:02:49.388000,1.13149,1.13143,6000000,1870000
2016-05-16 00:02:49.692000,1.13149,1.13144,2620000,5250000
2016-05-16 00:02:50.200000,1.13149,1.13146,2250000,1100000
2016-05-16 00:02:51.045000,1.13148,1.13145,1000000,1500000
2016-05-16 00:02:51.583000,1.13149,1.13144,2250000,9000000
2016-05-16 00:02:52.908000,1.13149,1.13144,3000000,3820000
2016-05-16 00:02:53.413000,1.13149,1.13144,4500000,6070000
2016-05-16 00:02:53.717000,1.13150,1.13145,1870000,2250000
2016-05-16 00:02:55.706000,1.13150,1.13146,4500000,1950000
2016-05-16 00:02:59.777000,1.13149,1.13145,1870000,1950000
2016-05-16 00:03:00.283000,1.13150,1.13144,1690000,12000000
2016-05-16 00:03:00.813000,1.13149,1.13144,3370000,9370000
2016-05-16 00:03:01.320000,1.13150,1.13144,1690000,4500000
2016-05-16 00:03:01.930000,1.13150,1.13144,1690000,9750000
2016-05-16 00:03:02.437000,1.13149,1.13144,1000000,12000000
2016-05-16 00:03:03.144000,1.13150,1.13144,4690000,11250000
2016-05-16 00:03:03.616000,1.13146,1.13144,1500000,11620000
2016-05-16 00:03:03.829000,1.13144,1.13140,1000000,2250000
2016-05-16 00:03:03.931000,1.13144,1.13139,4120000,1390000
2016-05-16 00:03:04.487000,1.13144,1.13140,2620000,1000000
2016-05-16 00:03:05.013000,1.13143,1.13138,1120000,2440000
2016-05-16 00:03:05.317000,1.13141,1.13136,1000000,5440000
2016-05-16 00:03:05.823000,1.13141,1.13136,1190000,6190000
2016-05-16 00:03:12.652000,1.13142,1.13136,3000000,5510000
2016-05-16 00:03:13.411000,1.13142,1.13137,1120000,1120000
2016-05-16 00:03:18.187000,1.13143,1.13137,3560000,3450000
2016-05-16 00:03:18.757000,1.13144,1.13139,6190000,1500000
2016-05-16 00:03:19.231000,1.13140,1.13139,1000000,1500000
2016-05-16 00:03:19.282000,1.13140,1.13137,1500000,1100000
2016-05-16 00:03:19.789000,1.13140,1.13136,3000000,1390000
2016-05-16 00:03:20.566000,1.13140,1.13136,3000000,2890000
2016-05-16 00:03:21.073000,1.13140,1.13138,1000000,1000000
2016-05-16 00:03:21.579000,1.13142,1.13137,3560000,2140000
2016-05-16 00:03:23.975000,1.13142,1.13138,3370000,1190000
2016-05-16 00:03:24.524000,1.13143,1.13138,3560000,3560000
2016-05-16 00:03:25.136000,1.13143,1.13139,2810000,1690000
2016-05-16 00:03:29.248000,1.13143,1.13138,2810000,3190000
2016-05-16 00:03:30.635000,1.13143,1.13140,2810000,1120000
2016-05-16 00:03:30.953000,1.13145,1.13141,4310000,1000000
2016-05-16 00:03:33.462000,1.13145,1.13140,5810000,1310000
2016-05-16 00:03:34.266000,1.13145,1.13141,5810000,1000000
2016-05-16 00:03:35.170000,1.13145,1.13140,3940000,1250000
2016-05-16 00:03:36.970000,1.13145,1.13141,5060000,1000000
2016-05-16 00:03:37.973000,1.13145,1.13140,3560000,1310000
2016-05-16 00:03:43.870000,1.13145,1.13140,5440000,5810000
2016-05-16 00:03:44.840000,1.13145,1.13141,3560000,1870000
2016-05-16 00:03:44.993000,1.13147,1.13142,3370000,3560000
2016-05-16 00:03:45.956000,1.13147,1.13142,2060000,6370000
2016-05-16 00:03:46.462000,1.13147,1.13143,1310000,1500000
2016-05-16 00:03:48.481000,1.13147,1.13143,1310000,1500000
2016-05-16 00:03:48.937000,1.13148,1.13144,1870000,3560000
2016-05-16 00:03:49.775000,1.13149,1.13144,1690000,3940000
2016-05-16 00:03:52.774000,1.13150,1.13145,8140000,1250000
2016-05-16 00:03:53.982000,1.13149,1.13146,1390000,1000000
2016-05-16 00:03:54.489000,1.13149,1.13145,1370000,1000000
2016-05-16 00:03:54.682000,1.13150,1.13145,5510000,1870000
2016-05-16 00:03:55.188000,1.13150,1.13146,1250000,1120000
2016-05-16 00:03:57.317000,1.13151,1.13147,10390000,1000000
2016-05-16 00:03:58.105000,1.13151,1.13146,10760000,1120000
2016-05-16 00:03:59.312000,1.13150,1.13145,1250000,1120000
2016-05-16 00:03:59.857000,1.13151,1.13145,13010000,6190000
2016-05-16 00:04:00.515000,1.13151,1.13147,10010000,1120000
2016-05-16 00:04:01.055000,1.13153,1.13147,4310000,3000000
2016-05-16 00:04:01.411000,1.13150,1.13147,1500000,2700000
2016-05-16 00:04:01.918000,1.13151,1.13146,1690000,1870000
2016-05-16 00:04:02.166000,1.13151,1.13147,1250000,1250000
2016-05-16 00:04:02.672000,1.13152,1.13148,3560000,1000000
2016-05-16 00:04:03.177000,1.13152,1.13146,2810000,5060000
2016-05-16 00:04:04.599000,1.13152,1.13148,2810000,1000000
2016-05-16 00:04:05.122000,1.13152,1.13147,1310000,2440000
2016-05-16 00:04:05.644000,1.13152,1.13148,1690000,1000000
2016-05-16 00:04:06.150000,1.13152,1.13147,1560000,2810000
2016-05-16 00:04:06.763000,1.13150,1.13147,1250000,2620000
2016-05-16 00:04:08.309000,1.13150,1.13148,1250000,1000000
2016-05-16 00:04:08.412000,1.13153,1.13149,7120000,1500000
2016-05-16 00:04:08.599000,1.13154,1.13151,4310000,1000000
2016-05-16 00:04:09.121000,1.13154,1.13151,2060000,1000000
2016-05-16 00:04:09.627000,1.13154,1.13151,1620000,1000000
2016-05-16 00:04:10.627000,1.13154,1.13151,1250000,1120000
2016-05-16 00:04:11.133000,1.13155,1.13152,3370000,1120000
2016-05-16 00:04:11.436000,1.13153,1.13151,1000000,3750000
2016-05-16 00:04:11.770000,1.13152,1.13149,1000000,15370000
2016-05-16 00:04:12.492000,1.13151,1.13148,1000000,17250000
2016-05-16 00:04:12.916000,1.13148,1.13147,1250000,3370000
2016-05-16 00:04:13.018000,1.13147,1.13146,1000000,1120000
2016-05-16 00:04:13.328000,1.13145,1.13143,1000000,1200000
2016-05-16 00:04:13.835000,1.13144,1.13141,1000000,5250000
2016-05-16 00:04:13.987000,1.13144,1.13142,1000000,4200000
2016-05-16 00:04:14.039000,1.13145,1.13144,1000000,1500000
2016-05-16 00:04:14.679000,1.13145,1.13144,1000000,1120000
2016-05-16 00:04:15.186000,1.13145,1.13142,1000000,5320000
2016-05-16 00:04:16.478000,1.13144,1.13142,1000000,6820000
2016-05-16 00:04:19.998000,1.13144,1.13141,1000000,8620000
2016-05-16 00:04:22.704000,1.13144,1.13142,1000000,2700000
2016-05-16 00:04:23.514000,1.13143,1.13141,1000000,6370000
2016-05-16 00:04:23.819000,1.13140,1.13137,1000000,10870000
2016-05-16 00:04:24.130000,1.13138,1.13135,1000000,15000000
2016-05-16 00:04:26.223000,1.13137,1.13134,1000000,19120001
2016-05-16 00:04:26.761000,1.13137,1.13134,1000000,3820000
2016-05-16 00:04:27.273000,1.13137,1.13135,1000000,4120000
2016-05-16 00:04:30.208000,1.13139,1.13136,1000000,1500000
2016-05-16 00:04:32.033000,1.13137,1.13133,1000000,1120000
2016-05-16 00:04:32.650000,1.13135,1.13132,1000000,3000000
2016-05-16 00:04:33.106000,1.13133,1.13130,1000000,12000000
2016-05-16 00:04:33.713000,1.13134,1.13131,1000000,4870000
2016-05-16 00:04:34.204000,1.13134,1.13133,1000000,1120000
2016-05-16 00:04:38.897000,1.13135,1.13133,1690000,3750000
2016-05-16 00:04:40.101000,1.13135,1.13133,1000000,3750000
2016-05-16 00:04:40.607000,1.13134,1.13132,1000000,1120000
2016-05-16 00:04:43.258000,1.13135,1.13132,1000000,3000000
2016-05-16 00:04:43.310000,1.13136,1.13135,1000000,4500000
2016-05-16 00:04:43.834000,1.13137,1.13136,1250000,1120000
2016-05-16 00:04:50.833000,1.13139,1.13138,1000000,1120000
2016-05-16 00:04:51.373000,1.13141,1.13139,1000000,1870000
2016-05-16 00:04:56.360000,1.13141,1.13139,1000000,1870000
2016-05-16 00:04:56.911000,1.13142,1.13140,1000000,1870000
2016-05-16 00:04:57.437000,1.13141,1.13139,1000000,9750000
2016-05-16 00:04:59.071000,1.13141,1.13139,1000000,10500000
2016-05-16 00:05:00.737000,1.13142,1.13140,1000000,1310000
2016-05-16 00:05:01.657000,1.13142,1.13139,1000000,11060000
2016-05-16 00:05:01.986000,1.13138,1.13135,1000000,2700000
2016-05-16 00:05:02.496000,1.13135,1.13133,1000000,3560000
2016-05-16 00:05:03.463000,1.13135,1.13132,1000000,7870000
2016-05-16 00:05:03.970000,1.13134,1.13131,1000000,5140000
2016-05-16 00:05:05.866000,1.13133,1.13130,1000000,7950000
2016-05-16 00:05:06.372000,1.13133,1.13131,1000000,2620000
2016-05-16 00:05:18.555000,1.13134,1.13132,1000000,2250000
2016-05-16 00:05:20.469000,1.13135,1.13134,1000000,1000000
2016-05-16 00:05:20.976000,1.13137,1.13135,1000000,1870000
2016-05-16 00:05:25.730000,1.13138,1.13136,1000000,1000000
2016-05-16 00:05:25.882000,1.13137,1.13133,1000000,18750000
2016-05-16 00:05:26.419000,1.13137,1.13135,1000000,4120000
2016-05-16 00:05:27.196000,1.13137,1.13135,1000000,2620000
2016-05-16 00:05:27.729000,1.13138,1.13136,1000000,1120000
2016-05-16 00:05:28.879000,1.13137,1.13134,1000000,11320000
2016-05-16 00:05:29.071000,1.13135,1.13132,1000000,12750000
2016-05-16 00:05:29.679000,1.13134,1.13132,1000000,1950000
2016-05-16 00:05:36.286000,1.13135,1.13133,1000000,1500000
2016-05-16 00:05:36.539000,1.13136,1.13134,1000000,6000000
2016-05-16 00:05:37.047000,1.13137,1.13135,1000000,1500000
2016-05-16 00:05:39.318000,1.13137,1.13135,1000000,2620000
2016-05-16 00:05:42.877000,1.13139,1.13137,1000000,1000000
2016-05-16 00:05:45.574000,1.13137,1.13134,1000000,25570000
2016-05-16 00:05:46.456000,1.13135,1.13132,1000000,10840000
2016-05-16 00:05:48.156000,1.13136,1.13133,1000000,4200000
2016-05-16 00:05:48.664000,1.13136,1.13134,1000000,6370000
2016-05-16 00:05:49.911000,1.13137,1.13135,1000000,1000000
2016-05-16 00:05:50.417000,1.13136,1.13134,1000000,7120000
2016-05-16 00:05:50.720000,1.13135,1.13132,1000000,19500000
2016-05-16 00:05:51.383000,1.13134,1.13132,1000000,12820000
2016-05-16 00:05:53.142000,1.13134,1.13131,1000000,11620000
2016-05-16 00:05:53.648000,1.13133,1.13131,1000000,10760000
2016-05-16 00:05:54.770000,1.13134,1.13131,1000000,8140000
2016-05-16 00:05:56.465000,1.13134,1.13133,1000000,1000000
2016-05-16 00:06:02.196000,1.13133,1.13130,1000000,15940000
2016-05-16 00:06:02.771000,1.13132,1.13129,1000000,6750000
2016-05-16 00:06:02.873000,1.13132,1.13129,1000000,7120000
2016-05-16 00:06:03.188000,1.13131,1.13128,1000000,9000000
2016-05-16 00:06:06.356000,1.13133,1.13130,1000000,1500000
2016-05-16 00:06:06.851000,1.13135,1.13130,9940000,2250000
2016-05-16 00:06:07.154000,1.13135,1.13130,10690000,4500000
2016-05-16 00:06:07.458000,1.13132,1.13130,1000000,7200000
2016-05-16 00:06:07.997000,1.13133,1.13131,1000000,1000000
2016-05-16 00:06:10.061000,1.13133,1.13131,1000000,1120000
2016-05-16 00:06:10.603000,1.13133,1.13131,1000000,1870000
2016-05-16 00:06:11.796000,1.13133,1.13131,1000000,4500000
2016-05-16 00:06:12.264000,1.13132,1.13130,1000000,5060000
2016-05-16 00:06:18.283000,1.13132,1.13130,1000000,3560000
2016-05-16 00:06:20.700000,1.13133,1.13130,1000000,5620000
2016-05-16 00:06:21.454000,1.13134,1.13131,1000000,2250000
2016-05-16 00:06:21.932000,1.13135,1.13134,1000000,1000000
2016-05-16 00:06:22.135000,1.13133,1.13132,1000000,1570000
2016-05-16 00:06:22.186000,1.13132,1.13129,1000000,10950000
2016-05-16 00:06:22.720000,1.13131,1.13129,1000000,7500000
2016-05-16 00:06:23.227000,1.13131,1.13129,1000000,10500000
2016-05-16 00:06:24.343000,1.13132,1.13130,1000000,1500000
2016-05-16 00:06:25.914000,1.13132,1.13130,1000000,4120000
2016-05-16 00:06:26.656000,1.13132,1.13130,1000000,4500000
2016-05-16 00:06:26.808000,1.13133,1.13130,1000000,6370000
2016-05-16 00:06:27.314000,1.13132,1.13130,1000000,6370000
2016-05-16 00:06:27.961000,1.13132,1.13131,1000000,1500000
2016-05-16 00:06:29.487000,1.13133,1.13130,1000000,4870000
2016-05-16 00:06:30.024000,1.13134,1.13132,1000000,1000000
2016-05-16 00:06:30.227000,1.13136,1.13134,1000000,1500000
2016-05-16 00:06:30.531000,1.13135,1.13132,1000000,14470000
2016-05-16 00:06:33.709000,1.13136,1.13134,1000000,1000000
2016-05-16 00:06:34.065000,1.13133,1.13131,1000000,6190000
2016-05-16 00:06:34.116000,1.13133,1.13130,1000000,11060000
2016-05-16 00:06:37.169000,1.13134,1.13131,1000000,1500000
2016-05-16 00:06:37.321000,1.13135,1.13133,1000000,1500000
2016-05-16 00:06:37.851000,1.13135,1.13133,1000000,1250000
2016-05-16 00:06:38.307000,1.13133,1.13131,1000000,3750000
2016-05-16 00:06:39.179000,1.13133,1.13131,1000000,1870000
2016-05-16 00:06:39.482000,1.13132,1.13130,1000000,2250000
2016-05-16 00:06:40.193000,1.13133,1.13131,1000000,1120000
2016-05-16 00:06:41.649000,1.13134,1.13131,1000000,3370000
2016-05-16 00:06:41.700000,1.13134,1.13133,1000000,1000000
2016-05-16 00:06:45.057000,1.13136,1.13134,1000000,4500000
2016-05-16 00:06:46.141000,1.13136,1.13134,1000000,6000000
2016-05-16 00:06:46.345000,1.13138,1.13135,1250000,6370000
2016-05-16 00:06:46.396000,1.13139,1.13138,1500000,2250000
2016-05-16 00:06:46.629000,1.13140,1.13139,1000000,3940000
2016-05-16 00:06:47.337000,1.13139,1.13137,1000000,3750000
2016-05-16 00:06:47.864000,1.13138,1.13136,1000000,4310000
2016-05-16 00:06:48.371000,1.13138,1.13136,1000000,1690000
2016-05-16 00:06:48.675000,1.13138,1.13134,1000000,12070000
2016-05-16 00:06:48.979000,1.13140,1.13138,1000000,1950000
2016-05-16 00:06:49.321000,1.13142,1.13140,1000000,5060000
2016-05-16 00:06:51.150000,1.13142,1.13138,1000000,5770000
2016-05-16 00:06:52.263000,1.13142,1.13140,1000000,1000000
2016-05-16 00:06:52.773000,1.13142,1.13138,1000000,5020000
2016-05-16 00:06:53.310000,1.13141,1.13138,1000000,3070000
2016-05-16 00:06:54.432000,1.13142,1.13139,1000000,3750000
2016-05-16 00:06:54.950000,1.13142,1.13139,1000000,7120000
2016-05-16 00:06:55.457000,1.13142,1.13140,1000000,3000000
2016-05-16 00:06:55.964000,1.13142,1.13141,1000000,1000000
2016-05-16 00:06:56.651000,1.13141,1.13138,1000000,11960000
2016-05-16 00:06:58.067000,1.13141,1.13137,1000000,8510000
2016-05-16 00:07:01.097000,1.13142,1.13139,1000000,4500000
2016-05-16 00:07:01.945000,1.13140,1.13136,1000000,2320000
2016-05-16 00:07:02.047000,1.13141,1.13138,1000000,3750000
2016-05-16 00:07:02.552000,1.13140,1.13138,1000000,3750000
2016-05-16 00:07:04.561000,1.13141,1.13137,1000000,2400000
2016-05-16 00:07:05.545000,1.13140,1.13135,1000000,21370001
2016-05-16 00:07:06.382000,1.13138,1.13136,1000000,1000000
2016-05-16 00:07:06.688000,1.13141,1.13139,1000000,2620000
2016-05-16 00:07:07.196000,1.13141,1.13139,1000000,2620000
2016-05-16 00:07:07.729000,1.13141,1.13139,1000000,6370000
2016-05-16 00:07:12.095000,1.13141,1.13139,1000000,8810000
2016-05-16 00:07:12.607000,1.13141,1.13139,1000000,8810000
2016-05-16 00:07:14.551000,1.13141,1.13138,1000000,10760000
2016-05-16 00:07:15.057000,1.13140,1.13137,1000000,6900000
2016-05-16 00:07:18.344000,1.13141,1.13139,1000000,1310000
2016-05-16 00:07:18.850000,1.13140,1.13137,1000000,10840000
2016-05-16 00:07:19.382000,1.13141,1.13139,1000000,1310000
2016-05-16 00:07:27.229000,1.13141,1.13140,1000000,1000000
2016-05-16 00:07:27.736000,1.13141,1.13138,1000000,13690000
2016-05-16 00:07:31.324000,1.13143,1.13140,1000000,1000000
2016-05-16 00:07:31.909000,1.13142,1.13139,1000000,9560000
2016-05-16 00:07:32.415000,1.13141,1.13139,1000000,6940000
2016-05-16 00:07:33.129000,1.13142,1.13139,1000000,7310000
2016-05-16 00:07:34.030000,1.13141,1.13139,1000000,6940000
2016-05-16 00:07:34.334000,1.13141,1.13137,1000000,3450000
2016-05-16 00:07:37.085000,1.13139,1.13136,1000000,5700000
2016-05-16 00:07:38.881000,1.13140,1.13137,1000000,1950000
2016-05-16 00:07:39.387000,1.13139,1.13136,1000000,1950000
2016-05-16 00:07:39.892000,1.13141,1.13138,1000000,1000000
2016-05-16 00:07:40.428000,1.13139,1.13136,1000000,2320000
2016-05-16 00:07:43.616000,1.13141,1.13138,1000000,10310000
2016-05-16 00:07:45.921000,1.13142,1.13139,1000000,6940000
2016-05-16 00:07:49.399000,1.13141,1.13139,1000000,5810000
2016-05-16 00:07:49.906000,1.13140,1.13137,1000000,3070000
2016-05-16 00:07:52.386000,1.13138,1.13135,1000000,13690000
2016-05-16 00:07:52.721000,1.13136,1.13132,1000000,5620000
2016-05-16 00:07:54.792000,1.13136,1.13133,1000000,4950000
2016-05-16 00:07:54.995000,1.13135,1.13132,1000000,8400000
2016-05-16 00:07:58.091000,1.13136,1.13134,1000000,1500000
2016-05-16 00:07:59.038000,1.13136,1.13133,1000000,8770000
2016-05-16 00:07:59.602000,1.13133,1.13130,1000000,14250000
2016-05-16 00:08:00.205000,1.13131,1.13128,1000000,7120000
2016-05-16 00:08:00.701000,1.13130,1.13126,1000000,9000000
2016-05-16 00:08:01.411000,1.13132,1.13129,1000000,4500000
2016-05-16 00:08:01.818000,1.13130,1.13127,1000000,9070000
2016-05-16 00:08:03.604000,1.13129,1.13126,1000000,3370000
2016-05-16 00:08:05.822000,1.13129,1.13124,1000000,11250000
2016-05-16 00:08:06.541000,1.13126,1.13123,1000000,5440000
2016-05-16 00:08:07.047000,1.13126,1.13123,1000000,5700000
2016-05-16 00:08:07.548000,1.13126,1.13124,1000000,3370000
2016-05-16 00:08:08.155000,1.13126,1.13122,1000000,4500000
2016-05-16 00:08:08.678000,1.13126,1.13123,1000000,11700000
2016-05-16 00:08:09.113000,1.13123,1.13121,1000000,2060000
2016-05-16 00:08:09.417000,1.13121,1.13119,1000000,11510000
2016-05-16 00:08:10.131000,1.13122,1.13119,1000000,10010000
2016-05-16 00:08:10.470000,1.13125,1.13124,1000000,2250000
2016-05-16 00:08:11.336000,1.13127,1.13125,1000000,1500000
2016-05-16 00:08:12.135000,1.13127,1.13124,1000000,12750000
2016-05-16 00:08:13.543000,1.13128,1.13125,1000000,3000000
2016-05-16 00:08:14.100000,1.13128,1.13126,1000000,1000000
2016-05-16 00:08:17.266000,1.13127,1.13125,1000000,6070000
2016-05-16 00:08:18.899000,1.13128,1.13126,1000000,1120000
2016-05-16 00:08:18.951000,1.13129,1.13128,1000000,1000000
2016-05-16 00:08:20.566000,1.13128,1.13126,1000000,1870000
2016-05-16 00:08:21.111000,1.13128,1.13126,1000000,1870000
2016-05-16 00:08:21.617000,1.13128,1.13126,1000000,1500000
2016-05-16 00:08:22.639000,1.13129,1.13126,1000000,1120000
2016-05-16 00:08:24.154000,1.13128,1.13125,1000000,8320000
2016-05-16 00:08:24.668000,1.13127,1.13125,1000000,3450000
2016-05-16 00:08:25.583000,1.13128,1.13126,1000000,1000000
2016-05-16 00:08:26.091000,1.13127,1.13125,1000000,1100000
2016-05-16 00:08:26.596000,1.13125,1.13124,1000000,7310000
2016-05-16 00:08:27.828000,1.13125,1.13123,1000000,9640000
2016-05-16 00:08:28.082000,1.13123,1.13121,1000000,1000000
2016-05-16 00:08:28.183000,1.13124,1.13123,1000000,1000000
2016-05-16 00:08:28.722000,1.13125,1.13124,1000000,1000000
2016-05-16 00:08:29.229000,1.13126,1.13124,1000000,4500000
2016-05-16 00:08:31.029000,1.13125,1.13123,1000000,10390000
2016-05-16 00:08:31.130000,1.13123,1.13122,1000000,1500000
2016-05-16 00:08:31.181000,1.13122,1.13119,1000000,4500000
2016-05-16 00:08:31.761000,1.13123,1.13119,1000000,10500000
2016-05-16 00:08:32.065000,1.13126,1.13125,1000000,1000000
2016-05-16 00:08:32.612000,1.13126,1.13124,1000000,1870000
2016-05-16 00:08:34.749000,1.13125,1.13123,1000000,6450000
2016-05-16 00:08:35.053000,1.13123,1.13120,1000000,8620000
2016-05-16 00:08:35.601000,1.13122,1.13119,1000000,17250000
2016-05-16 00:08:38.686000,1.13121,1.13118,1000000,10120000
2016-05-16 00:08:38.889000,1.13122,1.13120,1000000,1500000
2016-05-16 00:08:38.990000,1.13122,1.13119,1000000,7870000
2016-05-16 00:08:39.193000,1.13122,1.13120,1000000,1500000
2016-05-16 00:08:39.900000,1.13122,1.13120,1000000,1120000
2016-05-16 00:08:40.447000,1.13122,1.13119,1000000,6750000
2016-05-16 00:08:40.961000,1.13122,1.13120,1000000,1000000
2016-05-16 00:08:41.214000,1.13124,1.13122,1000000,3070000
2016-05-16 00:08:41.518000,1.13125,1.13124,1000000,1500000
2016-05-16 00:08:42.036000,1.13125,1.13123,1000000,3600000
2016-05-16 00:08:44.701000,1.13126,1.13124,1000000,1500000
2016-05-16 00:08:46.980000,1.13125,1.13122,1000000,12670000
2016-05-16 00:08:47.515000,1.13127,1.13124,1000000,9450000
2016-05-16 00:08:48.030000,1.13127,1.13124,1000000,9070000
2016-05-16 00:08:49.878000,1.13126,1.13123,1000000,18370001
2016-05-16 00:08:55.097000,1.13128,1.13125,1000000,1000000
2016-05-16 00:08:59.165000,1.13128,1.13126,1000000,1000000
2016-05-16 00:09:04.362000,1.13129,1.13128,1120000,1000000
2016-05-16 00:09:04.413000,1.13129,1.13127,1000000,2250000
2016-05-16 00:09:04.514000,1.13128,1.13125,1000000,13120000
2016-05-16 00:09:04.616000,1.13129,1.13127,1000000,1000000
2016-05-16 00:09:04.818000,1.13130,1.13125,1000000,15000000
2016-05-16 00:09:07.040000,1.13127,1.13124,1000000,5620000
2016-05-16 00:09:07.546000,1.13125,1.13121,1000000,9450000
2016-05-16 00:09:08.214000,1.13125,1.13122,1000000,1950000
2016-05-16 00:09:08.719000,1.13126,1.13123,1000000,5320000
2016-05-16 00:09:09.824000,1.13126,1.13124,1000000,1100000
2016-05-16 00:09:10.330000,1.13126,1.13123,1000000,2620000
2016-05-16 00:09:11.038000,1.13127,1.13123,1000000,2620000
2016-05-16 00:09:11.544000,1.13127,1.13124,1000000,4870000
2016-05-16 00:09:14.052000,1.13127,1.13125,1000000,1000000
2016-05-16 00:09:15.066000,1.13128,1.13126,1000000,1000000
2016-05-16 00:09:16.108000,1.13130,1.13126,3560000,1000000
2016-05-16 00:09:16.159000,1.13126,1.13123,1000000,6750000
2016-05-16 00:09:16.943000,1.13127,1.13124,1000000,1500000
2016-05-16 00:09:16.994000,1.13128,1.13126,1000000,1100000
2016-05-16 00:09:17.298000,1.13130,1.13128,1000000,3000000
2016-05-16 00:09:19.774000,1.13131,1.13129,1000000,5250000
2016-05-16 00:09:22.662000,1.13132,1.13129,1000000,7570000
2016-05-16 00:09:22.713000,1.13133,1.13131,1000000,1120000
2016-05-16 00:09:23.053000,1.13135,1.13134,1500000,6260000
2016-05-16 00:09:23.358000,1.13134,1.13131,1000000,5620000
2016-05-16 00:09:24.271000,1.13136,1.13133,1000000,1100000
2016-05-16 00:09:25.232000,1.13136,1.13133,1000000,6450000
2016-05-16 00:09:25.941000,1.13135,1.13132,1000000,6750000
2016-05-16 00:09:26.479000,1.13136,1.13134,1000000,6000000
2016-05-16 00:09:29.378000,1.13138,1.13135,1000000,3000000
2016-05-16 00:09:29.563000,1.13140,1.13137,1000000,1120000
2016-05-16 00:09:29.615000,1.13140,1.13139,1000000,6000000
2016-05-16 00:09:31.585000,1.13140,1.13138,1000000,4010000
2016-05-16 00:09:32.099000,1.13139,1.13137,1000000,1000000
2016-05-16 00:09:32.606000,1.13138,1.13136,1000000,7120000
2016-05-16 00:09:34.965000,1.13138,1.13135,1000000,16200001
2016-05-16 00:09:38.920000,1.13140,1.13137,1000000,1000000
2016-05-16 00:09:39.669000,1.13140,1.13138,1000000,1000000
2016-05-16 00:09:39.872000,1.13140,1.13137,1000000,4200000
2016-05-16 00:09:40.379000,1.13140,1.13139,1000000,1870000
2016-05-16 00:09:40.469000,1.13138,1.13135,1000000,21000000
2016-05-16 00:09:40.775000,1.13136,1.13133,1000000,16500000
2016-05-16 00:09:41.284000,1.13137,1.13135,1000000,3940000
2016-05-16 00:09:41.830000,1.13137,1.13134,1000000,13760000
2016-05-16 00:09:45.191000,1.13138,1.13137,1120000,1000000
2016-05-16 00:09:45.697000,1.13138,1.13136,1000000,1500000
2016-05-16 00:09:46.390000,1.13140,1.13138,4500000,3750000
2016-05-16 00:09:46.571000,1.13139,1.13136,1000000,5440000
2016-05-16 00:09:47.077000,1.13140,1.13138,1000000,6220000
2016-05-16 00:09:49.609000,1.13142,1.13139,1000000,3750000
2016-05-16 00:09:50.147000,1.13142,1.13139,1000000,4120000
2016-05-16 00:09:51.429000,1.13141,1.13139,1000000,1870000
2016-05-16 00:09:52.102000,1.13141,1.13139,1000000,5250000
2016-05-16 00:09:53.313000,1.13140,1.13137,1000000,6370000
2016-05-16 00:09:55.210000,1.13141,1.13139,1000000,5620000
2016-05-16 00:09:57.483000,1.13141,1.13139,1000000,6370000
2016-05-16 00:09:58,1.13141,1.13138,1000000,19500000
2016-05-16 00:10:00.422000,1.13142,1.13140,1000000,1870000
2016-05-16 00:10:02.090000,1.13140,1.13137,1000000,6750000
2016-05-16 00:10:02.700000,1.13141,1.13139,1000000,5250000
2016-05-16 00:10:05.193000,1.13142,1.13139,1000000,9370000
2016-05-16 00:10:08.246000,1.13144,1.13141,1000000,1500000
2016-05-16 00:10:08.461000,1.13146,1.13145,2060000,1120000
2016-05-16 00:10:08.513000,1.13144,1.13142,1000000,1760000
2016-05-16 00:10:11.668000,1.13145,1.13142,1000000,3450000
2016-05-16 00:10:12.174000,1.13145,1.13142,1000000,5320000
2016-05-16 00:10:13.434000,1.13144,1.13141,1000000,5250000
2016-05-16 00:10:13.985000,1.13143,1.13140,1000000,9560000
2016-05-16 00:10:19.018000,1.13142,1.13139,1000000,7760000
2016-05-16 00:10:21.948000,1.13143,1.13138,1000000,4500000
2016-05-16 00:10:22.485000,1.13141,1.13138,1000000,1500000
2016-05-16 00:10:23.145000,1.13142,1.13139,1000000,1120000
2016-05-16 00:10:23.674000,1.13141,1.13138,1000000,6750000
2016-05-16 00:10:25.060000,1.13141,1.13135,1000000,7500000
2016-05-16 00:10:26.203000,1.13140,1.13137,1000000,1000000
2016-05-16 00:10:26.507000,1.13140,1.13133,1000000,2250000
2016-05-16 00:10:26.558000,1.13140,1.13134,1000000,2250000
2016-05-16 00:10:26.609000,1.13138,1.13136,1000000,1000000
2016-05-16 00:10:27.115000,1.13138,1.13135,1000000,2320000
2016-05-16 00:10:27.622000,1.13137,1.13132,1000000,2250000
2016-05-16 00:10:28.723000,1.13135,1.13131,1000000,8620000
2016-05-16 00:10:29.542000,1.13136,1.13130,1000000,16120001
2016-05-16 00:10:30.148000,1.13136,1.13131,1000000,1120000
2016-05-16 00:10:30.654000,1.13135,1.13132,1000000,1000000
2016-05-16 00:10:31.028000,1.13136,1.13132,1000000,2620000
2016-05-16 00:10:31.534000,1.13135,1.13133,1000000,6220000
2016-05-16 00:10:34.398000,1.13137,1.13134,1000000,1000000
2016-05-16 00:10:36.511000,1.13135,1.13130,1000000,3750000
2016-05-16 00:10:37.046000,1.13133,1.13130,1000000,6750000
2016-05-16 00:10:37.248000,1.13132,1.13127,1000000,2250000
2016-05-16 00:10:37.451000,1.13131,1.13125,1000000,15370000
2016-05-16 00:10:37.773000,1.13130,1.13127,1000000,3750000
2016-05-16 00:10:38.179000,1.13132,1.13129,1000000,4570000
2016-05-16 00:10:38.762000,1.13132,1.13130,1000000,2250000
2016-05-16 00:10:39.292000,1.13133,1.13131,1000000,1000000
2016-05-16 00:10:39.798000,1.13134,1.13131,1000000,6070000
2016-05-16 00:10:40.837000,1.13134,1.13131,1000000,2320000
2016-05-16 00:10:41.343000,1.13135,1.13132,1000000,2620000
2016-05-16 00:10:42.552000,1.13134,1.13130,1000000,12000000
2016-05-16 00:10:43.182000,1.13135,1.13132,1000000,1120000
2016-05-16 00:10:43.689000,1.13136,1.13133,1000000,6600000
2016-05-16 00:10:45.267000,1.13136,1.13133,1000000,1500000
2016-05-16 00:10:45.772000,1.13136,1.13133,1000000,2620000
2016-05-16 00:10:49.202000,1.13136,1.13134,1000000,1000000
2016-05-16 00:10:51.486000,1.13134,1.13131,1000000,13120000
2016-05-16 00:10:55.486000,1.13133,1.13130,1000000,16500000
2016-05-16 00:10:56.772000,1.13133,1.13129,1000000,5620000
2016-05-16 00:10:57.783000,1.13133,1.13130,1000000,3750000
2016-05-16 00:10:58.441000,1.13133,1.13131,1000000,1000000
2016-05-16 00:11:02.308000,1.13135,1.13132,1000000,1000000
2016-05-16 00:11:08.152000,1.13135,1.13133,1000000,1500000
2016-05-16 00:11:08.658000,1.13135,1.13132,1000000,1120000
2016-05-16 00:11:09.163000,1.13135,1.13133,1000000,6370000
2016-05-16 00:11:12.214000,1.13136,1.13134,1000000,1000000
2016-05-16 00:11:12.517000,1.13137,1.13135,1000000,1190000
2016-05-16 00:11:12.720000,1.13136,1.13133,1000000,16870001
2016-05-16 00:11:15.588000,1.13135,1.13132,1000000,7120000
2016-05-16 00:11:17.387000,1.13135,1.13131,1000000,8400000
2016-05-16 00:11:20.604000,1.13136,1.13132,1000000,5250000
2016-05-16 00:11:22.608000,1.13134,1.13128,1000000,3000000
2016-05-16 00:11:22.709000,1.13134,1.13131,1000000,1570000
2016-05-16 00:11:25.327000,1.13133,1.13129,1000000,11620000
2016-05-16 00:11:25.833000,1.13132,1.13129,1000000,2250000
2016-05-16 00:11:28.482000,1.13133,1.13128,1000000,1120000
2016-05-16 00:11:28.785000,1.13133,1.13130,1000000,4120000
2016-05-16 00:11:31.637000,1.13134,1.13131,1000000,1500000
2016-05-16 00:11:32.480000,1.13133,1.13128,1000000,1120000
2016-05-16 00:11:35.427000,1.13134,1.13131,1000000,1000000
2016-05-16 00:11:35.932000,1.13133,1.13130,1000000,9000000
2016-05-16 00:11:36.580000,1.13134,1.13133,1000000,1650000
2016-05-16 00:11:36.631000,1.13133,1.13129,1000000,15370000
2016-05-16 00:11:36.834000,1.13135,1.13131,1000000,1000000
2016-05-16 00:11:37.340000,1.13134,1.13132,1000000,1120000
2016-05-16 00:11:39.823000,1.13136,1.13133,1000000,1120000
2016-05-16 00:11:40.353000,1.13136,1.13134,1000000,1000000
2016-05-16 00:11:42.513000,1.13135,1.13132,1000000,1000000
2016-05-16 00:11:43.019000,1.13136,1.13133,1000000,1000000
2016-05-16 00:11:44.019000,1.13136,1.13131,1000000,3000000
2016-05-16 00:11:44.560000,1.13135,1.13132,1000000,3750000
2016-05-16 00:11:45.066000,1.13136,1.13133,1000000,1000000
2016-05-16 00:11:45.571000,1.13136,1.13134,1000000,6000000
2016-05-16 00:11:46.075000,1.13135,1.13132,1000000,1000000
2016-05-16 00:11:46.429000,1.13137,1.13134,1000000,3370000
2016-05-16 00:11:46.936000,1.13137,1.13134,1000000,1500000
2016-05-16 00:11:49.682000,1.13138,1.13135,1000000,2250000
2016-05-16 00:11:50.205000,1.13137,1.13135,1000000,7500000
2016-05-16 00:11:52.778000,1.13136,1.13132,1000000,1120000
2016-05-16 00:11:54.947000,1.13136,1.13134,1000000,1120000
2016-05-16 00:11:55.496000,1.13136,1.13133,1000000,1000000
2016-05-16 00:11:58.047000,1.13135,1.13132,1000000,3370000
2016-05-16 00:11:58.554000,1.13134,1.13130,1000000,18750000
2016-05-16 00:11:59.955000,1.13135,1.13129,1000000,4500000
2016-05-16 00:12:00.496000,1.13134,1.13130,1000000,10120000
2016-05-16 00:12:00.800000,1.13135,1.13133,1000000,1870000
2016-05-16 00:12:01.306000,1.13134,1.13131,1000000,6750000
2016-05-16 00:12:01.848000,1.13136,1.13133,1000000,1870000
2016-05-16 00:12:02.361000,1.13134,1.13131,1000000,12750000
2016-05-16 00:12:03.272000,1.13134,1.13132,1000000,2620000
2016-05-16 00:12:03.576000,1.13132,1.13128,1000000,6370000
2016-05-16 00:12:06.635000,1.13133,1.13130,1000000,1000000
2016-05-16 00:12:06.989000,1.13132,1.13127,1000000,1870000
2016-05-16 00:12:07.611000,1.13132,1.13127,1000000,4500000
2016-05-16 00:12:07.713000,1.13132,1.13129,1000000,1500000
2016-05-16 00:12:09.946000,1.13133,1.13130,1000000,6370000
2016-05-16 00:12:10.495000,1.13133,1.13131,1000000,1120000
2016-05-16 00:12:11.455000,1.13135,1.13132,1000000,3560000
2016-05-16 00:12:11.824000,1.13133,1.13131,1000000,1120000
2016-05-16 00:12:12.735000,1.13132,1.13129,1000000,15000000
2016-05-16 00:12:14.043000,1.13132,1.13130,1000000,6750000
2016-05-16 00:12:14.548000,1.13133,1.13131,1000000,1870000
2016-05-16 00:12:15.523000,1.13132,1.13129,1000000,10120000
2016-05-16 00:12:16.031000,1.13130,1.13127,1000000,7870000
2016-05-16 00:12:16.535000,1.13131,1.13129,1000000,1120000
2016-05-16 00:12:16.839000,1.13132,1.13130,1000000,1000000
2016-05-16 00:12:17.345000,1.13132,1.13131,1000000,1120000
2016-05-16 00:12:18.069000,1.13135,1.13134,1000000,3000000
2016-05-16 00:12:18.120000,1.13134,1.13132,1000000,2620000
2016-05-16 00:12:19.144000,1.13133,1.13131,1000000,4200000
2016-05-16 00:12:19.448000,1.13132,1.13129,1000000,7570000
2016-05-16 00:12:19.954000,1.13133,1.13131,1000000,1870000
2016-05-16 00:12:20.494000,1.13132,1.13129,1000000,10950000
2016-05-16 00:12:22.346000,1.13131,1.13128,1000000,11620000
2016-05-16 00:12:22.851000,1.13132,1.13129,1000000,2320000
2016-05-16 00:12:23.357000,1.13132,1.13130,1000000,1000000
2016-05-16 00:12:24.258000,1.13131,1.13128,1000000,6750000
2016-05-16 00:12:24.359000,1.13132,1.13129,1000000,7950000
2016-05-16 00:12:24.461000,1.13131,1.13128,1000000,19570000
2016-05-16 00:12:24.764000,1.13132,1.13129,1000000,3070000
2016-05-16 00:12:25.273000,1.13132,1.13130,1000000,1000000
2016-05-16 00:12:26.043000,1.13132,1.13130,1000000,1000000
2016-05-16 00:12:26.549000,1.13133,1.13131,1000000,2250000
2016-05-16 00:12:27.086000,1.13133,1.13131,1000000,1500000
2016-05-16 00:12:28.146000,1.13132,1.13130,1000000,4200000
2016-05-16 00:12:29.070000,1.13133,1.13131,1000000,1000000
2016-05-16 00:12:30.053000,1.13132,1.13129,1000000,3370000
2016-05-16 00:12:31.951000,1.13132,1.13130,1000000,1100000
2016-05-16 00:12:32.463000,1.13132,1.13129,1000000,13870000
2016-05-16 00:12:37.641000,1.13132,1.13130,1000000,2700000
2016-05-16 00:12:38.151000,1.13132,1.13130,1000000,2320000
2016-05-16 00:12:38.686000,1.13132,1.13130,1000000,2320000
2016-05-16 00:12:39.234000,1.13132,1.13129,1000000,2620000
2016-05-16 00:12:44.243000,1.13131,1.13128,1000000,5620000
2016-05-16 00:12:44.749000,1.13130,1.13127,1000000,12370000
2016-05-16 00:12:45.053000,1.13132,1.13130,1000000,2620000
2016-05-16 00:12:45.356000,1.13133,1.13131,1000000,1100000
2016-05-16 00:12:45.408000,1.13134,1.13132,1500000,1000000
2016-05-16 00:12:46.116000,1.13133,1.13131,1000000,1950000
2016-05-16 00:12:46.774000,1.13132,1.13130,1000000,5250000
2016-05-16 00:12:47.314000,1.13132,1.13129,1000000,12000000
2016-05-16 00:12:50.177000,1.13131,1.13127,1000000,8320000
2016-05-16 00:12:50.717000,1.13131,1.13129,1000000,1570000
2016-05-16 00:12:52.181000,1.13132,1.13129,1000000,4570000
2016-05-16 00:12:52.688000,1.13132,1.13130,1000000,2320000
2016-05-16 00:12:53.194000,1.13132,1.13130,1000000,1870000
2016-05-16 00:12:54.176000,1.13132,1.13129,1000000,16500000
2016-05-16 00:12:56.183000,1.13132,1.13130,1000000,3000000
2016-05-16 00:12:56.689000,1.13132,1.13131,1000000,1000000
2016-05-16 00:12:58.193000,1.13132,1.13130,1000000,2250000
2016-05-16 00:12:58.928000,1.13132,1.13129,1000000,10500000
2016-05-16 00:12:58.979000,1.13132,1.13130,1000000,3370000
2016-05-16 00:13:00.641000,1.13132,1.13131,1000000,1000000
2016-05-16 00:13:01.150000,1.13132,1.13130,1000000,5320000
2016-05-16 00:13:01.693000,1.13132,1.13130,1000000,3070000
2016-05-16 00:13:02.199000,1.13132,1.13131,1000000,1000000
2016-05-16 00:13:05.166000,1.13133,1.13131,1000000,1570000
2016-05-16 00:13:06.167000,1.13132,1.13130,1000000,4870000
2016-05-16 00:13:11.715000,1.13132,1.13129,1000000,5250000
2016-05-16 00:13:12.229000,1.13132,1.13130,1000000,1870000
2016-05-16 00:13:12.735000,1.13132,1.13130,1000000,11700000
2016-05-16 00:13:13.324000,1.13132,1.13130,1000000,8700000
2016-05-16 00:13:15.323000,1.13132,1.13129,1000000,11620000
2016-05-16 00:13:17.592000,1.13132,1.13130,1000000,4570000
2016-05-16 00:13:18.796000,1.13131,1.13128,1000000,13870000
2016-05-16 00:13:19.136000,1.13129,1.13126,1000000,7120000
2016-05-16 00:13:19.440000,1.13127,1.13125,1000000,6370000
2016-05-16 00:13:21.429000,1.13126,1.13124,1000000,5620000
2016-05-16 00:13:23.421000,1.13125,1.13122,1000000,12220000
2016-05-16 00:13:26.510000,1.13125,1.13123,1000000,8470000
2016-05-16 00:13:27.325000,1.13125,1.13122,1000000,14470000
2016-05-16 00:13:27.665000,1.13121,1.13118,1000000,3750000
2016-05-16 00:13:30.134000,1.13121,1.13119,1000000,6000000
2016-05-16 00:13:30.640000,1.13121,1.13119,1000000,3070000
2016-05-16 00:13:30.950000,1.13124,1.13121,1000000,4870000
2016-05-16 00:13:32.667000,1.13123,1.13121,1000000,4870000
2016-05-16 00:13:32.971000,1.13121,1.13118,1000000,12370000
2016-05-16 00:13:35.146000,1.13121,1.13119,1000000,7950000
2016-05-16 00:13:35.693000,1.13121,1.13120,1000000,4200000
2016-05-16 00:13:36.852000,1.13121,1.13118,1000000,18750000
2016-05-16 00:13:39.772000,1.13121,1.13119,1000000,9070000
2016-05-16 00:13:40.278000,1.13121,1.13118,1000000,15750000
2016-05-16 00:13:43.125000,1.13121,1.13119,1000000,4570000
2016-05-16 00:13:43.834000,1.13121,1.13118,1000000,10500000
2016-05-16 00:13:44.372000,1.13119,1.13114,1000000,16309999
2016-05-16 00:13:44.676000,1.13119,1.13116,1000000,3370000
2016-05-16 00:13:45.182000,1.13120,1.13118,1000000,4120000
2016-05-16 00:13:45.722000,1.13119,1.13116,1000000,4120000
2016-05-16 00:13:46.227000,1.13120,1.13118,1000000,1120000
2016-05-16 00:13:46.733000,1.13120,1.13119,1250000,5250000
2016-05-16 00:13:52.579000,1.13121,1.13119,1000000,4570000
2016-05-16 00:13:52.883000,1.13122,1.13120,1000000,1000000
2016-05-16 00:13:52.985000,1.13121,1.13119,1000000,6450000
2016-05-16 00:13:53.290000,1.13125,1.13123,2810000,5500000
2016-05-16 00:13:53.822000,1.13124,1.13123,1000000,4500000
2016-05-16 00:13:56.584000,1.13126,1.13124,1000000,1500000
2016-05-16 00:13:58.588000,1.13126,1.13124,1690000,12000000
2016-05-16 00:13:58.892000,1.13125,1.13123,1000000,20620001
2016-05-16 00:13:59.196000,1.13124,1.13122,1000000,3070000
2016-05-16 00:14:00.458000,1.13124,1.13122,1000000,1570000
2016-05-16 00:14:00.988000,1.13125,1.13123,1000000,2400000
2016-05-16 00:14:03.528000,1.13125,1.13124,1000000,1000000
2016-05-16 00:14:04.937000,1.13125,1.13123,1000000,2770000
2016-05-16 00:14:05.475000,1.13125,1.13124,1000000,1000000
2016-05-16 00:14:06.194000,1.13123,1.13120,1000000,15000000
2016-05-16 00:14:08.571000,1.13124,1.13119,1000000,11250000
2016-05-16 00:14:09.694000,1.13120,1.13117,1000000,3370000
2016-05-16 00:14:09.795000,1.13121,1.13118,1000000,3370000
2016-05-16 00:14:10.313000,1.13121,1.13119,1000000,8250000
2016-05-16 00:14:10.825000,1.13121,1.13119,1000000,9750000
2016-05-16 00:14:12.045000,1.13121,1.13119,1000000,7120000
2016-05-16 00:14:12.096000,1.13120,1.13117,1000000,7650000
2016-05-16 00:14:12.400000,1.13118,1.13115,1000000,6820000
2016-05-16 00:14:12.943000,1.13117,1.13114,1000000,2620000
2016-05-16 00:14:13.399000,1.13117,1.13114,1000000,3370000
2016-05-16 00:14:13.929000,1.13117,1.13115,1000000,5250000
2016-05-16 00:14:14.866000,1.13117,1.13115,1000000,3750000
2016-05-16 00:14:15.377000,1.13117,1.13115,1000000,1500000
2016-05-16 00:14:19.796000,1.13118,1.13116,1000000,1120000
2016-05-16 00:14:19.847000,1.13120,1.13119,3190000,1870000
2016-05-16 00:14:19.898000,1.13119,1.13117,1000000,1120000
2016-05-16 00:14:19.999000,1.13120,1.13118,1000000,2250000
2016-05-16 00:14:20.316000,1.13118,1.13115,1000000,8620000
2016-05-16 00:14:20.824000,1.13117,1.13114,1000000,4200000
2016-05-16 00:14:21.329000,1.13117,1.13114,1000000,10200000
2016-05-16 00:14:21.882000,1.13116,1.13113,1000000,7570000
2016-05-16 00:14:22.625000,1.13117,1.13115,1000000,1000000
2016-05-16 00:14:25.401000,1.13116,1.13113,1000000,4870000
2016-05-16 00:14:25.502000,1.13118,1.13115,1000000,3000000
2016-05-16 00:14:25.705000,1.13119,1.13117,1000000,1000000
2016-05-16 00:14:28.639000,1.13121,1.13119,1000000,1500000
2016-05-16 00:14:29.297000,1.13120,1.13117,1000000,9370000
2016-05-16 00:14:31.008000,1.13122,1.13121,1690000,1000000
2016-05-16 00:14:31.312000,1.13119,1.13116,1000000,8620000
2016-05-16 00:14:31.854000,1.13119,1.13116,1000000,1000000
2016-05-16 00:14:32.360000,1.13118,1.13117,1000000,1000000
2016-05-16 00:14:32.664000,1.13117,1.13114,1000000,13120000
2016-05-16 00:14:33.315000,1.13117,1.13114,1000000,10200000
2016-05-16 00:14:36.445000,1.13117,1.13114,1000000,5250000
2016-05-16 00:14:36.968000,1.13116,1.13114,1000000,5320000
2016-05-16 00:14:40.195000,1.13118,1.13116,1000000,1000000
2016-05-16 00:14:40.638000,1.13115,1.13112,1000000,14620000
2016-05-16 00:14:41.252000,1.13116,1.13113,1000000,10500000
2016-05-16 00:14:41.759000,1.13116,1.13114,1000000,4120000
2016-05-16 00:14:44.725000,1.13116,1.13114,1000000,3750000
2016-05-16 00:14:45.653000,1.13116,1.13113,1000000,25120001
2016-05-16 00:14:46.255000,1.13116,1.13114,1000000,3000000
2016-05-16 00:14:49.338000,1.13116,1.13113,1000000,21000000
2016-05-16 00:14:51.269000,1.13116,1.13114,1000000,2250000
2016-05-16 00:14:51.657000,1.13113,1.13111,1000000,3750000
2016-05-16 00:14:51.960000,1.13109,1.13106,1000000,1120000
2016-05-16 00:14:52.468000,1.13110,1.13108,1000000,5620000
2016-05-16 00:14:52.795000,1.13109,1.13106,1000000,1120000
2016-05-16 00:14:53.150000,1.13109,1.13107,1000000,10870000
2016-05-16 00:14:53.655000,1.13108,1.13106,1000000,3070000
2016-05-16 00:14:54.680000,1.13108,1.13105,1000000,10120000
2016-05-16 00:14:55.286000,1.13110,1.13108,1000000,1000000
2016-05-16 00:14:58.369000,1.13111,1.13109,1000000,1500000
2016-05-16 00:14:58.572000,1.13111,1.13109,1000000,3750000
2016-05-16 00:14:58.724000,1.13112,1.13108,1250000,12000000
2016-05-16 00:14:59.229000,1.13112,1.13109,1250000,2250000
2016-05-16 00:14:59.483000,1.13112,1.13110,1250000,1120000
2016-05-16 00:15:01.211000,1.13115,1.13111,11060000,1100000
2016-05-16 00:15:01.719000,1.13115,1.13110,5060000,1120000
2016-05-16 00:15:01.771000,1.13112,1.13110,1000000,1120000
2016-05-16 00:15:02.154000,1.13112,1.13109,1000000,5810000
2016-05-16 00:15:02.256000,1.13112,1.13110,1000000,1000000
2016-05-16 00:15:02.358000,1.13114,1.13110,1000000,5250000
2016-05-16 00:15:02.663000,1.13116,1.13115,1000000,1000000
2016-05-16 00:15:02.815000,1.13118,1.13115,2440000,1000000
2016-05-16 00:15:03.322000,1.13116,1.13115,1000000,1000000
2016-05-16 00:15:03.464000,1.13113,1.13111,3000000,3070000
2016-05-16 00:15:03.819000,1.13112,1.13109,1500000,2440000
2016-05-16 00:15:03.871000,1.13110,1.13109,1000000,1250000
2016-05-16 00:15:04.074000,1.13112,1.13109,1000000,1250000
2016-05-16 00:15:04.276000,1.13114,1.13109,3070000,4010000
2016-05-16 00:15:04.821000,1.13113,1.13109,2250000,4010000
2016-05-16 00:15:04.872000,1.13111,1.13109,1000000,1760000
2016-05-16 00:15:05.809000,1.13111,1.13110,1000000,1000000
2016-05-16 00:15:08.669000,1.13111,1.13108,1000000,23059999
2016-05-16 00:15:09.175000,1.13110,1.13107,1000000,13120000
2016-05-16 00:15:10.165000,1.13109,1.13106,1000000,11620000
2016-05-16 00:15:10.470000,1.13108,1.13104,1000000,4870000
2016-05-16 00:15:11.059000,1.13108,1.13106,1000000,3750000
2016-05-16 00:15:11.567000,1.13107,1.13104,1000000,3000000
2016-05-16 00:15:16.641000,1.13106,1.13104,1000000,4870000
2016-05-16 00:15:17.635000,1.13107,1.13105,1000000,1000000
2016-05-16 00:15:18.151000,1.13107,1.13105,1000000,1000000
2016-05-16 00:15:19.437000,1.13108,1.13106,1000000,1000000
2016-05-16 00:15:20.102000,1.13107,1.13104,1000000,3370000
2016-05-16 00:15:20.837000,1.13107,1.13104,1000000,4120000
2016-05-16 00:15:23.185000,1.13107,1.13105,1000000,1000000
2016-05-16 00:15:24.224000,1.13107,1.13104,1000000,4120000
2016-05-16 00:15:25.920000,1.13108,1.13106,1000000,1000000
2016-05-16 00:15:26.683000,1.13108,1.13105,1000000,1500000
2016-05-16 00:15:26.785000,1.13110,1.13108,4190000,1000000
2016-05-16 00:15:27.300000,1.13111,1.13109,1000000,1500000
2016-05-16 00:15:28.356000,1.13111,1.13108,1000000,3940000
2016-05-16 00:15:28.861000,1.13111,1.13109,1000000,2250000
2016-05-16 00:15:33.149000,1.13112,1.13110,1000000,1000000
2016-05-16 00:15:36.430000,1.13113,1.13110,1000000,1870000
2016-05-16 00:15:36.947000,1.13112,1.13109,1000000,9000000
2016-05-16 00:15:40.718000,1.13112,1.13110,1000000,1500000
2016-05-16 00:15:41.514000,1.13112,1.13111,1000000,1000000
2016-05-16 00:15:42.038000,1.13112,1.13110,1000000,3000000
2016-05-16 00:15:42.554000,1.13113,1.13111,1000000,1250000
2016-05-16 00:15:44.427000,1.13114,1.13112,1000000,1120000
2016-05-16 00:15:44.479000,1.13115,1.13114,1250000,3000000
2016-05-16 00:15:44.622000,1.13115,1.13113,1000000,22389999
2016-05-16 00:15:44.724000,1.13116,1.13114,1000000,4870000
2016-05-16 00:15:45.341000,1.13117,1.13115,1000000,2060000
2016-05-16 00:15:47.028000,1.13118,1.13116,1000000,2810000
2016-05-16 00:15:47.960000,1.13119,1.13117,1000000,1000000
2016-05-16 00:15:48.112000,1.13118,1.13114,1000000,9000000
2016-05-16 00:15:51.110000,1.13119,1.13116,1000000,1500000
2016-05-16 00:15:52.037000,1.13118,1.13115,1000000,8620000
2016-05-16 00:15:55.764000,1.13121,1.13119,2440000,1000000
2016-05-16 00:15:55.815000,1.13119,1.13116,1000000,4500000
2016-05-16 00:15:56.321000,1.13120,1.13118,1000000,15370000
2016-05-16 00:16:00.357000,1.13121,1.13120,1000000,1000000
2016-05-16 00:16:00.942000,1.13121,1.13119,1000000,1000000
2016-05-16 00:16:01.044000,1.13120,1.13117,1000000,20250000
2016-05-16 00:16:02.645000,1.13118,1.13116,1000000,1870000
2016-05-16 00:16:03.050000,1.13117,1.13114,1000000,5510000
2016-05-16 00:16:03.564000,1.13117,1.13115,1000000,1250000
2016-05-16 00:16:04.172000,1.13117,1.13116,1000000,1000000
2016-05-16 00:16:04.679000,1.13117,1.13116,1000000,1000000
2016-05-16 00:16:05.626000,1.13117,1.13114,1000000,6260000
2016-05-16 00:16:06.133000,1.13116,1.13113,1000000,13200000
2016-05-16 00:16:06.335000,1.13117,1.13114,1000000,2320000
2016-05-16 00:16:08.279000,1.13112,1.13107,1000000,1000000
2016-05-16 00:16:08.786000,1.13110,1.13108,1000000,4500000
2016-05-16 00:16:10.368000,1.13110,1.13109,1000000,1000000
2016-05-16 00:16:10.897000,1.13110,1.13108,1000000,2700000
2016-05-16 00:16:12.952000,1.13106,1.13103,1000000,3190000
2016-05-16 00:16:13.255000,1.13104,1.13102,1000000,2320000
2016-05-16 00:16:13.590000,1.13100,1.13097,1000000,3370000
2016-05-16 00:16:14.097000,1.13100,1.13096,1000000,3750000
2016-05-16 00:16:14.979000,1.13099,1.13095,1000000,10500000
2016-05-16 00:16:15.284000,1.13100,1.13098,1000000,10690000
2016-05-16 00:16:17.888000,1.13099,1.13096,1000000,3750000
2016-05-16 00:16:18.394000,1.13100,1.13097,1000000,4120000
2016-05-16 00:16:19.966000,1.13098,1.13095,1000000,13870000
2016-05-16 00:16:20.338000,1.13100,1.13098,1000000,7500000
2016-05-16 00:16:20.643000,1.13098,1.13096,1000000,1500000
2016-05-16 00:16:20.946000,1.13097,1.13094,1000000,3190000
2016-05-16 00:16:21.553000,1.13097,1.13094,1000000,5440000
2016-05-16 00:16:22.574000,1.13097,1.13095,1000000,1000000
2016-05-16 00:16:24.833000,1.13097,1.13095,1000000,4120000
2016-05-16 00:16:25.086000,1.13097,1.13094,1000000,3560000
2016-05-16 00:16:25.483000,1.13097,1.13092,1570000,1310000
2016-05-16 00:16:26.293000,1.13097,1.13093,1000000,3000000
2016-05-16 00:16:27.887000,1.13097,1.13093,1000000,13870000
2016-05-16 00:16:28.192000,1.13097,1.13094,1000000,1120000
2016-05-16 00:16:30.598000,1.13097,1.13094,1000000,1870000
2016-05-16 00:16:34.065000,1.13097,1.13095,1000000,1000000
2016-05-16 00:16:40.644000,1.13097,1.13093,1000000,12370000
2016-05-16 00:16:40.946000,1.13095,1.13091,1000000,2250000
2016-05-16 00:16:41.250000,1.13093,1.13088,1000000,5620000
2016-05-16 00:16:41.554000,1.13093,1.13091,1000000,1870000
2016-05-16 00:16:43.189000,1.13094,1.13091,1000000,1870000
2016-05-16 00:16:43.720000,1.13094,1.13092,1000000,5620000
2016-05-16 00:16:44.226000,1.13095,1.13093,1000000,1570000
2016-05-16 00:16:44.583000,1.13094,1.13091,1000000,7950000
2016-05-16 00:16:45.118000,1.13095,1.13092,1000000,4120000
2016-05-16 00:16:46.385000,1.13095,1.13093,1000000,1000000
2016-05-16 00:16:46.920000,1.13095,1.13093,1000000,1500000
2016-05-16 00:16:48.439000,1.13096,1.13094,1000000,1000000
2016-05-16 00:16:48.946000,1.13096,1.13095,1000000,1570000
2016-05-16 00:16:51.026000,1.13097,1.13095,1000000,1100000
2016-05-16 00:16:51.533000,1.13097,1.13096,1000000,1000000
2016-05-16 00:17:01.582000,1.13099,1.13097,1000000,1000000
2016-05-16 00:17:01.633000,1.13101,1.13099,2620000,1190000
2016-05-16 00:17:01.785000,1.13101,1.13096,1000000,2250000
2016-05-16 00:17:01.837000,1.13101,1.13098,1000000,12750000
2016-05-16 00:17:01.888000,1.13102,1.13100,1000000,4010000
2016-05-16 00:17:02.410000,1.13103,1.13100,1000000,3190000
2016-05-16 00:17:04.939000,1.13105,1.13102,1000000,1000000
2016-05-16 00:17:05.472000,1.13105,1.13103,1000000,1000000
2016-05-16 00:17:06.388000,1.13105,1.13104,1000000,1000000
2016-05-16 00:17:06.439000,1.13105,1.13102,1000000,8470000
2016-05-16 00:17:06.946000,1.13104,1.13102,1000000,3000000
2016-05-16 00:17:08.252000,1.13103,1.13100,1000000,14620000
2016-05-16 00:17:12.637000,1.13102,1.13099,1000000,8440000
2016-05-16 00:17:13.477000,1.13100,1.13098,1000000,12560000
2016-05-16 00:17:13.680000,1.13098,1.13095,1000000,6370000
2016-05-16 00:17:13.883000,1.13096,1.13094,1000000,6000000
2016-05-16 00:17:14.390000,1.13097,1.13095,1000000,5060000
2016-05-16 00:17:16.057000,1.13099,1.13096,1000000,3940000
2016-05-16 00:17:16.580000,1.13100,1.13098,1000000,10570000
2016-05-16 00:17:19.290000,1.13100,1.13098,1000000,16120001
2016-05-16 00:17:20.271000,1.13100,1.13098,1000000,12370000
2016-05-16 00:17:21.141000,1.13102,1.13099,1000000,2060000
2016-05-16 00:17:21.344000,1.13102,1.13099,1000000,3940000
2016-05-16 00:17:21.749000,1.13104,1.13102,1000000,3150000
2016-05-16 00:17:22.272000,1.13105,1.13103,1000000,6670000
2016-05-16 00:17:22.576000,1.13105,1.13100,1000000,12000000
2016-05-16 00:17:23.863000,1.13102,1.13099,1000000,9000000
2016-05-16 00:17:24.369000,1.13102,1.13099,1000000,5060000
2016-05-16 00:17:27.212000,1.13103,1.13100,1000000,1000000
2016-05-16 00:17:29.570000,1.13101,1.13097,1000000,12370000
2016-05-16 00:17:33.497000,1.13102,1.13100,1000000,1870000
2016-05-16 00:17:37.803000,1.13104,1.13101,1000000,1000000
2016-05-16 00:17:38.308000,1.13104,1.13102,1000000,1000000
2016-05-16 00:17:44.788000,1.13103,1.13100,1000000,12940000
2016-05-16 00:17:45.094000,1.13105,1.13103,1000000,2810000
2016-05-16 00:17:48.781000,1.13103,1.13100,1000000,3370000
2016-05-16 00:17:49.508000,1.13101,1.13098,1000000,3940000
2016-05-16 00:17:50.016000,1.13100,1.13097,1000000,12750000
2016-05-16 00:17:52.873000,1.13101,1.13099,1000000,1000000
2016-05-16 00:17:53.524000,1.13100,1.13097,1000000,23250000
2016-05-16 00:17:54.075000,1.13102,1.13100,1000000,1000000
2016-05-16 00:17:54.126000,1.13101,1.13098,1000000,16870001
2016-05-16 00:17:55.015000,1.13102,1.13099,1000000,5810000
2016-05-16 00:17:57.992000,1.13102,1.13099,1000000,8250000
2016-05-16 00:17:58.530000,1.13100,1.13097,1000000,10870000
2016-05-16 00:17:59.482000,1.13099,1.13096,1000000,6560000
2016-05-16 00:18:00.549000,1.13100,1.13098,1000000,4500000
2016-05-16 00:18:01.089000,1.13099,1.13096,1000000,7310000
2016-05-16 00:18:01.545000,1.13097,1.13093,1000000,9750000
2016-05-16 00:18:01.921000,1.13095,1.13092,1000000,3820000
2016-05-16 00:18:02.539000,1.13092,1.13090,1000000,12940000
2016-05-16 00:18:03.051000,1.13093,1.13090,1000000,4120000
2016-05-16 00:18:03.457000,1.13094,1.13091,1000000,2250000
2016-05-16 00:18:03.812000,1.13092,1.13089,1000000,7870000
2016-05-16 00:18:05.263000,1.13091,1.13088,1000000,7870000
2016-05-16 00:18:05.794000,1.13092,1.13087,1000000,9000000
2016-05-16 00:18:06.313000,1.13092,1.13089,1000000,2620000
2016-05-16 00:18:06.818000,1.13092,1.13087,1000000,1120000
2016-05-16 00:18:07.129000,1.13091,1.13086,1000000,1000000
2016-05-16 00:18:07.634000,1.13091,1.13088,1000000,1500000
2016-05-16 00:18:10.142000,1.13091,1.13088,1000000,8620000
2016-05-16 00:18:10.649000,1.13091,1.13089,1000000,1500000
2016-05-16 00:18:11.188000,1.13090,1.13087,1000000,16120001
2016-05-16 00:18:11.728000,1.13091,1.13089,1000000,1870000
2016-05-16 00:18:12.930000,1.13090,1.13087,1000000,23059999
2016-05-16 00:18:14.332000,1.13091,1.13088,1000000,25690001
2016-05-16 00:18:17.540000,1.13091,1.13087,1000000,14440000
2016-05-16 00:18:19.081000,1.13088,1.13085,1000000,9750000
2016-05-16 00:18:19.587000,1.13089,1.13086,1000000,2250000
2016-05-16 00:18:19.893000,1.13090,1.13088,1000000,3750000
2016-05-16 00:18:20.380000,1.13093,1.13092,5440000,1000000
2016-05-16 00:18:20.890000,1.13093,1.13090,1000000,15000000
2016-05-16 00:18:23.546000,1.13094,1.13091,1000000,3370000
2016-05-16 00:18:23.850000,1.13096,1.13093,1000000,6070000
2016-05-16 00:18:25.345000,1.13094,1.13091,1000000,8250000
2016-05-16 00:18:25.649000,1.13093,1.13090,1000000,7120000
2016-05-16 00:18:28.523000,1.13095,1.13092,1000000,1500000
2016-05-16 00:18:29.318000,1.13095,1.13091,1000000,1500000
2016-05-16 00:18:29.668000,1.13095,1.13093,1000000,1250000
2016-05-16 00:18:35.966000,1.13093,1.13090,1000000,5250000
2016-05-16 00:18:36.472000,1.13092,1.13090,1000000,4870000
2016-05-16 00:18:36.690000,1.13091,1.13087,1000000,15370000
2016-05-16 00:18:37.196000,1.13091,1.13088,1000000,10200000
2016-05-16 00:18:37.768000,1.13090,1.13087,1000000,12000000
2016-05-16 00:18:41.287000,1.13093,1.13089,1000000,1500000
2016-05-16 00:18:41.796000,1.13091,1.13087,1000000,24370001
2016-05-16 00:18:42.340000,1.13090,1.13086,1000000,8250000
2016-05-16 00:18:42.846000,1.13091,1.13086,1000000,1000000
2016-05-16 00:18:43.347000,1.13090,1.13087,1000000,1000000
2016-05-16 00:18:44.186000,1.13091,1.13085,1000000,11250000
2016-05-16 00:18:44.339000,1.13090,1.13087,1000000,1000000
2016-05-16 00:18:44.597000,1.13091,1.13085,1000000,19120001
2016-05-16 00:18:44.648000,1.13090,1.13087,1000000,1120000
2016-05-16 00:18:45.154000,1.13090,1.13088,1000000,4500000
2016-05-16 00:18:47.690000,1.13091,1.13088,1000000,12000000
2016-05-16 00:18:48.207000,1.13090,1.13088,1000000,10120000
2016-05-16 00:18:48.933000,1.13091,1.13088,1000000,20250000
2016-05-16 00:18:51.330000,1.13093,1.13091,1000000,1000000
2016-05-16 00:18:51.382000,1.13092,1.13089,1000000,4120000
2016-05-16 00:18:51.686000,1.13094,1.13093,1000000,2250000
2016-05-16 00:18:52.237000,1.13095,1.13093,1000000,9750000
2016-05-16 00:18:52.744000,1.13096,1.13093,1000000,12000000
2016-05-16 00:18:55.351000,1.13098,1.13097,1000000,1500000
2016-05-16 00:18:55.403000,1.13099,1.13097,3000000,2590000
2016-05-16 00:18:55.455000,1.13098,1.13093,1000000,8250000
2016-05-16 00:18:55.761000,1.13100,1.13097,1000000,14320000
2016-05-16 00:18:57.112000,1.13101,1.13098,1000000,10500000
2016-05-16 00:19:00.588000,1.13102,1.13101,1000000,1250000
2016-05-16 00:19:02.848000,1.13100,1.13097,1000000,12750000
2016-05-16 00:19:05.914000,1.13102,1.13099,1000000,1120000
2016-05-16 00:19:06.615000,1.13100,1.13097,1000000,15000000
2016-05-16 00:19:07.121000,1.13102,1.13099,1000000,1000000
2016-05-16 00:19:09.361000,1.13101,1.13098,1000000,20620001
2016-05-16 00:19:11.073000,1.13100,1.13097,1000000,19120001
2016-05-16 00:19:14.715000,1.13101,1.13098,1000000,13870000
2016-05-16 00:19:16.256000,1.13101,1.13096,1000000,4120000
2016-05-16 00:19:18.136000,1.13098,1.13095,1000000,16120001
2016-05-16 00:19:18.375000,1.13097,1.13094,1000000,1100000
2016-05-16 00:19:18.680000,1.13097,1.13091,1000000,2250000
2016-05-16 00:19:19.188000,1.13097,1.13091,1000000,1500000
2016-05-16 00:19:19.876000,1.13096,1.13092,1000000,2620000
2016-05-16 00:19:23.048000,1.13095,1.13091,1000000,8620000
2016-05-16 00:19:26.068000,1.13096,1.13094,1000000,1690000
2016-05-16 00:19:26.671000,1.13095,1.13091,1000000,4120000
2016-05-16 00:19:27.283000,1.13095,1.13092,1000000,9000000
2016-05-16 00:19:27.789000,1.13096,1.13090,1000000,9000000
2016-05-16 00:19:30.466000,1.13096,1.13093,1000000,1120000
2016-05-16 00:19:30.974000,1.13095,1.13092,1000000,8620000
2016-05-16 00:19:31.278000,1.13095,1.13090,1000000,15750000
2016-05-16 00:19:34.693000,1.13095,1.13091,1000000,1500000
2016-05-16 00:19:34.795000,1.13098,1.13095,1000000,1500000
2016-05-16 00:19:35.579000,1.13099,1.13095,1000000,7120000
2016-05-16 00:19:36.081000,1.13098,1.13095,1000000,8250000
2016-05-16 00:19:36.586000,1.13099,1.13096,1000000,1000000
2016-05-16 00:19:38,1.13100,1.13097,1000000,1120000
2016-05-16 00:19:38.404000,1.13100,1.13098,1000000,3820000
2016-05-16 00:19:38.908000,1.13101,1.13099,1000000,1120000
2016-05-16 00:19:40.715000,1.13101,1.13098,1000000,13500000
2016-05-16 00:19:41.221000,1.13101,1.13099,1000000,1000000
2016-05-16 00:19:41.759000,1.13101,1.13098,1000000,7720000
2016-05-16 00:19:42.073000,1.13100,1.13097,1000000,12970000
2016-05-16 00:19:42.605000,1.13099,1.13096,1000000,4200000
2016-05-16 00:19:45.654000,1.13101,1.13098,1000000,1500000
2016-05-16 00:19:49.968000,1.13099,1.13097,1000000,4690000
2016-05-16 00:19:50.070000,1.13097,1.13095,1000000,8320000
2016-05-16 00:19:50.121000,1.13096,1.13093,1000000,3750000
2016-05-16 00:19:50.998000,1.13095,1.13093,1000000,20700001
2016-05-16 00:19:52.532000,1.13096,1.13094,1000000,1000000
2016-05-16 00:19:52.634000,1.13096,1.13094,1000000,3450000
2016-05-16 00:19:52.736000,1.13096,1.13093,1000000,24000000
2016-05-16 00:19:53.087000,1.13095,1.13091,1000000,7870000
2016-05-16 00:19:54.730000,1.13096,1.13094,1000000,1000000
2016-05-16 00:19:55.238000,1.13095,1.13093,1000000,12450000
2016-05-16 00:19:55.542000,1.13095,1.13090,1000000,19120001
2016-05-16 00:19:56.224000,1.13094,1.13091,1000000,1500000
2016-05-16 00:19:56.730000,1.13095,1.13092,1000000,3750000
2016-05-16 00:19:57.235000,1.13096,1.13094,1000000,2250000
2016-05-16 00:19:57.518000,1.13097,1.13094,1000000,1100000
2016-05-16 00:19:58.025000,1.13097,1.13095,1000000,1500000
2016-05-16 00:19:58.532000,1.13097,1.13094,1000000,7950000
2016-05-16 00:20:01.025000,1.13097,1.13095,1000000,1570000
2016-05-16 00:20:01.228000,1.13097,1.13093,1000000,26620001
2016-05-16 00:20:03.066000,1.13097,1.13095,1000000,2620000
2016-05-16 00:20:03.206000,1.13098,1.13096,1000000,1000000
2016-05-16 00:20:03.362000,1.13100,1.13097,1000000,6000000
2016-05-16 00:20:03.565000,1.13099,1.13096,1000000,6150000
2016-05-16 00:20:04.174000,1.13099,1.13095,1000000,12000000
2016-05-16 00:20:04.509000,1.13100,1.13097,1000000,12370000
2016-05-16 00:20:05.369000,1.13099,1.13096,1000000,1500000
2016-05-16 00:20:06.184000,1.13100,1.13095,1000000,15000000
2016-05-16 00:20:06.488000,1.13100,1.13097,1000000,1120000
2016-05-16 00:20:09.406000,1.13101,1.13098,1000000,6000000
2016-05-16 00:20:09.644000,1.13103,1.13096,2890000,3560000
2016-05-16 00:20:10.149000,1.13103,1.13098,2890000,6000000
2016-05-16 00:20:11.382000,1.13103,1.13097,2890000,6940000
2016-05-16 00:20:11.635000,1.13103,1.13099,4390000,1000000
2016-05-16 00:20:13.082000,1.13100,1.13097,1000000,19309999
2016-05-16 00:20:13.841000,1.13099,1.13096,1000000,2440000
2016-05-16 00:20:16.926000,1.13101,1.13098,1000000,6000000
2016-05-16 00:20:17.180000,1.13097,1.13095,1000000,15000000
2016-05-16 00:20:17.383000,1.13096,1.13094,1000000,1000000
2016-05-16 00:20:17.975000,1.13095,1.13092,1000000,11250000
2016-05-16 00:20:18.582000,1.13095,1.13091,1000000,4120000
2016-05-16 00:20:22.249000,1.13096,1.13093,1000000,5250000
2016-05-16 00:20:23.882000,1.13094,1.13091,1000000,5620000
2016-05-16 00:20:24.084000,1.13094,1.13088,1000000,1870000
2016-05-16 00:20:24.621000,1.13091,1.13087,1000000,14810000
2016-05-16 00:20:26.268000,1.13091,1.13088,1000000,9190000
2016-05-16 00:20:26.773000,1.13093,1.13088,1000000,1000000
2016-05-16 00:20:27.381000,1.13092,1.13089,1000000,4500000
2016-05-16 00:20:27.685000,1.13094,1.13087,1000000,3000000
2016-05-16 00:20:27.736000,1.13094,1.13087,1000000,3750000
2016-05-16 00:20:28.040000,1.13093,1.13091,1000000,1500000
2016-05-16 00:20:30.947000,1.13096,1.13093,1000000,6000000
2016-05-16 00:20:31.969000,1.13094,1.13091,1000000,1870000
2016-05-16 00:20:32.555000,1.13094,1.13091,1000000,1870000
2016-05-16 00:20:33.061000,1.13095,1.13092,1000000,4870000
2016-05-16 00:20:33.894000,1.13095,1.13092,1000000,1870000
2016-05-16 00:20:34.438000,1.13095,1.13093,1000000,4120000
2016-05-16 00:20:34.965000,1.13094,1.13091,1000000,4870000
2016-05-16 00:20:37.672000,1.13096,1.13093,1000000,3750000
2016-05-16 00:20:40.101000,1.13096,1.13093,1000000,8250000
2016-05-16 00:20:40.203000,1.13096,1.13094,1000000,1120000
2016-05-16 00:20:40.708000,1.13095,1.13094,1000000,1000000
2016-05-16 00:20:41.252000,1.13095,1.13093,1000000,12750000
2016-05-16 00:20:41.781000,1.13095,1.13093,1000000,4500000
2016-05-16 00:20:46.139000,1.13097,1.13096,1250000,1000000
2016-05-16 00:20:46.190000,1.13099,1.13097,5620000,4750000
2016-05-16 00:20:46.313000,1.13097,1.13095,1000000,7310000
2016-05-16 00:20:46.819000,1.13098,1.13095,1000000,12370000
2016-05-16 00:20:47.730000,1.13099,1.13095,1000000,15750000
2016-05-16 00:20:48.034000,1.13100,1.13098,1000000,10120000
2016-05-16 00:20:49.219000,1.13097,1.13095,1000000,12940000
2016-05-16 00:20:49.524000,1.13095,1.13091,1000000,4870000
2016-05-16 00:20:50.030000,1.13095,1.13090,1000000,16500000
2016-05-16 00:20:50.333000,1.13093,1.13088,1000000,4500000
2016-05-16 00:20:50.676000,1.13094,1.13091,1000000,1950000
2016-05-16 00:20:53.645000,1.13095,1.13093,1000000,1500000
2016-05-16 00:20:53.848000,1.13092,1.13089,1000000,12000000
2016-05-16 00:20:54.472000,1.13093,1.13091,1000000,1120000
2016-05-16 00:20:56.982000,1.13094,1.13091,1000000,1950000
2016-05-16 00:20:57.436000,1.13095,1.13092,1000000,12370000
2016-05-16 00:20:57.739000,1.13097,1.13096,1000000,1500000
2016-05-16 00:20:57.892000,1.13098,1.13093,1000000,1000000
2016-05-16 00:20:58.430000,1.13096,1.13094,1000000,1950000
2016-05-16 00:20:58.481000,1.13095,1.13091,1000000,1870000
2016-05-16 00:20:58.785000,1.13093,1.13090,1000000,8620000
2016-05-16 00:20:59.525000,1.13093,1.13087,1000000,1000000
2016-05-16 00:20:59.904000,1.13093,1.13089,1000000,4500000
2016-05-16 00:21:00.088000,1.13093,1.13087,1000000,1000000
2016-05-16 00:21:00.389000,1.13093,1.13089,1000000,4500000
2016-05-16 00:21:00.844000,1.13093,1.13090,1000000,9000000
2016-05-16 00:21:01.372000,1.13094,1.13091,1000000,1000000
2016-05-16 00:21:02.173000,1.13093,1.13089,1000000,9370000
2016-05-16 00:21:04.171000,1.13093,1.13090,1000000,10120000
2016-05-16 00:21:04.475000,1.13095,1.13093,1000000,1500000
2016-05-16 00:21:04.678000,1.13095,1.13092,1000000,8020000
2016-05-16 00:21:05.682000,1.13092,1.13090,1000000,13120000
2016-05-16 00:21:06.019000,1.13091,1.13089,1000000,2320000
2016-05-16 00:21:07.296000,1.13090,1.13088,1000000,10870000
2016-05-16 00:21:08.259000,1.13092,1.13090,1000000,1500000
2016-05-16 00:21:08.310000,1.13094,1.13092,1000000,1000000
2016-05-16 00:21:08.754000,1.13095,1.13093,1000000,2250000
2016-05-16 00:21:08.857000,1.13095,1.13093,1000000,4570000
2016-05-16 00:21:09.162000,1.13093,1.13090,1000000,9370000
2016-05-16 00:21:12.082000,1.13095,1.13092,1000000,1000000
2016-05-16 00:21:12.680000,1.13094,1.13091,1000000,1000000
2016-05-16 00:21:12.986000,1.13094,1.13087,1000000,2250000
2016-05-16 00:21:13.239000,1.13091,1.13088,1000000,2770000
2016-05-16 00:21:13.543000,1.13089,1.13087,1000000,1010000
2016-05-16 00:21:14.390000,1.13088,1.13085,1000000,13870000
2016-05-16 00:21:16.142000,1.13087,1.13085,1000000,2440000
2016-05-16 00:21:16.446000,1.13082,1.13079,1000000,2440000
2016-05-16 00:21:16.750000,1.13080,1.13077,1000000,3000000
2016-05-16 00:21:17.102000,1.13082,1.13079,1000000,8250000
2016-05-16 00:21:19.203000,1.13083,1.13080,1000000,4690000
2016-05-16 00:21:19.709000,1.13083,1.13081,1000000,1500000
2016-05-16 00:21:21.478000,1.13083,1.13082,1000000,1000000
2016-05-16 00:21:21.682000,1.13085,1.13084,1100000,2620000
2016-05-16 00:21:22.090000,1.13083,1.13080,1000000,8140000
2016-05-16 00:21:22.546000,1.13081,1.13079,1000000,2320000
2016-05-16 00:21:23.072000,1.13082,1.13080,1000000,4870000
2016-05-16 00:21:27.072000,1.13081,1.13079,1000000,3750000
2016-05-16 00:21:27.578000,1.13082,1.13080,1000000,3000000
2016-05-16 00:21:29.730000,1.13084,1.13083,1120000,1000000
2016-05-16 00:21:29.882000,1.13082,1.13080,1000000,8320000
2016-05-16 00:21:30.784000,1.13082,1.13079,1000000,7120000
2016-05-16 00:21:31.290000,1.13081,1.13078,1000000,17440001
2016-05-16 00:21:31.801000,1.13082,1.13079,1000000,1500000
2016-05-16 00:21:33.420000,1.13083,1.13081,1000000,2620000
2016-05-16 00:21:36.462000,1.13084,1.13082,1100000,3370000
2016-05-16 00:21:36.969000,1.13083,1.13082,1000000,3000000
2016-05-16 00:21:37.673000,1.13083,1.13081,1000000,5060000
2016-05-16 00:21:38.202000,1.13083,1.13082,1000000,3000000
2016-05-16 00:21:38.740000,1.13083,1.13080,1000000,17440001
2016-05-16 00:21:40.127000,1.13084,1.13083,1100000,3000000
2016-05-16 00:21:40.229000,1.13086,1.13084,1000000,1000000
2016-05-16 00:21:40.745000,1.13086,1.13084,1000000,1760000
2016-05-16 00:21:41.252000,1.13088,1.13086,1000000,1500000
2016-05-16 00:21:41.785000,1.13087,1.13085,1000000,1000000
2016-05-16 00:21:42.190000,1.13085,1.13083,1000000,2810000
2016-05-16 00:21:42.242000,1.13083,1.13080,1000000,9000000
2016-05-16 00:21:42.596000,1.13081,1.13078,1000000,7840000
2016-05-16 00:21:42.799000,1.13084,1.13082,1310000,1000000
2016-05-16 00:21:43.330000,1.13085,1.13083,1000000,1120000
2016-05-16 00:21:43.989000,1.13084,1.13082,1000000,3370000
2016-05-16 00:21:44.534000,1.13085,1.13083,1000000,1000000
2016-05-16 00:21:46.098000,1.13085,1.13083,1000000,4120000
2016-05-16 00:21:47.073000,1.13085,1.13083,1000000,1870000
2016-05-16 00:21:47.581000,1.13085,1.13083,1000000,4350000
2016-05-16 00:21:49.486000,1.13084,1.13082,1000000,4120000
2016-05-16 00:21:49.588000,1.13083,1.13081,1000000,1870000
2016-05-16 00:21:49.780000,1.13082,1.13080,1000000,2060000
2016-05-16 00:21:50.138000,1.13084,1.13082,3820000,2500000
2016-05-16 00:21:50.543000,1.13086,1.13085,1000000,1000000
2016-05-16 00:21:50.746000,1.13086,1.13083,1000000,13500000
2016-05-16 00:21:51.330000,1.13084,1.13082,1000000,3450000
2016-05-16 00:21:51.634000,1.13082,1.13080,1000000,4570000
2016-05-16 00:21:52.348000,1.13083,1.13081,1000000,2250000
2016-05-16 00:21:53.345000,1.13084,1.13083,1000000,1000000
2016-05-16 00:21:53.651000,1.13086,1.13084,1250000,2700000
2016-05-16 00:21:54.853000,1.13086,1.13084,1000000,3070000
2016-05-16 00:21:55.309000,1.13086,1.13083,1000000,8100000
2016-05-16 00:21:58.855000,1.13082,1.13079,1000000,1500000
2016-05-16 00:21:59.379000,1.13082,1.13080,1000000,2320000
2016-05-16 00:22:00.344000,1.13082,1.13080,1000000,1570000
2016-05-16 00:22:00.962000,1.13082,1.13079,1000000,6940000
2016-05-16 00:22:01.469000,1.13080,1.13078,1000000,11440000
2016-05-16 00:22:03.657000,1.13080,1.13077,1000000,10310000
2016-05-16 00:22:04.163000,1.13081,1.13079,1000000,1690000
2016-05-16 00:22:05.238000,1.13082,1.13079,1000000,4690000
2016-05-16 00:22:07.390000,1.13082,1.13079,1000000,8440000
2016-05-16 00:22:07.932000,1.13083,1.13080,1000000,3370000
2016-05-16 00:22:10.466000,1.13084,1.13082,1000000,1870000
2016-05-16 00:22:10.669000,1.13086,1.13083,1000000,1190000
2016-05-16 00:22:10.973000,1.13085,1.13082,1000000,9750000
2016-05-16 00:22:11.536000,1.13084,1.13081,1000000,3750000
2016-05-16 00:22:12.560000,1.13085,1.13083,1000000,2250000
2016-05-16 00:22:15.674000,1.13085,1.13084,1000000,1500000
2016-05-16 00:22:15.776000,1.13083,1.13081,1000000,5060000
2016-05-16 00:22:15.981000,1.13081,1.13078,1000000,13310000
2016-05-16 00:22:16.437000,1.13082,1.13080,1000000,3000000
2016-05-16 00:22:16.976000,1.13082,1.13080,1000000,2250000
2016-05-16 00:22:17.488000,1.13081,1.13079,1000000,2250000
2016-05-16 00:22:19.028000,1.13080,1.13078,1000000,14440000
2016-05-16 00:22:19.332000,1.13076,1.13074,1000000,4390000
2016-05-16 00:22:19.786000,1.13078,1.13077,1000000,1000000
2016-05-16 00:22:21.563000,1.13078,1.13076,1000000,4690000
2016-05-16 00:22:22.069000,1.13078,1.13077,1000000,1250000
2016-05-16 00:22:22.252000,1.13080,1.13078,1010000,1870000
2016-05-16 00:22:22.303000,1.13081,1.13080,1120000,3000000
2016-05-16 00:22:22.354000,1.13082,1.13081,1100000,1500000
2016-05-16 00:22:24.760000,1.13083,1.13082,1000000,1000000
2016-05-16 00:22:25.295000,1.13083,1.13081,1000000,4310000
2016-05-16 00:22:26.007000,1.13083,1.13082,1000000,1000000
2016-05-16 00:22:27.155000,1.13083,1.13080,1000000,5890000
2016-05-16 00:22:27.660000,1.13082,1.13079,1000000,12260000
2016-05-16 00:22:28.297000,1.13083,1.13082,1000000,2250000
2016-05-16 00:22:31.707000,1.13084,1.13083,1000000,1000000
2016-05-16 00:22:32.226000,1.13084,1.13082,1000000,1950000
2016-05-16 00:22:33.185000,1.13082,1.13079,1000000,5810000
2016-05-16 00:22:34.208000,1.13083,1.13081,1000000,1500000
2016-05-16 00:22:37.300000,1.13082,1.13079,1000000,13690000
2016-05-16 00:22:40.319000,1.13083,1.13081,1000000,1500000
2016-05-16 00:22:42.728000,1.13082,1.13079,1000000,11060000
2016-05-16 00:22:43.250000,1.13083,1.13081,1000000,1500000
2016-05-16 00:22:43.857000,1.13084,1.13082,1000000,1000000
2016-05-16 00:22:44.364000,1.13083,1.13081,1000000,1570000
2016-05-16 00:22:44.866000,1.13084,1.13082,1000000,2250000
2016-05-16 00:22:47.598000,1.13085,1.13083,1000000,1500000
2016-05-16 00:22:48.575000,1.13084,1.13082,1000000,3750000
2016-05-16 00:22:51.995000,1.13083,1.13080,1000000,6940000
2016-05-16 00:22:52.299000,1.13081,1.13079,1000000,4950000
2016-05-16 00:22:52.846000,1.13081,1.13079,1000000,3450000
2016-05-16 00:22:54.784000,1.13082,1.13080,1000000,1120000
2016-05-16 00:22:55.292000,1.13083,1.13081,1000000,1000000
2016-05-16 00:23:02.237000,1.13082,1.13080,1000000,6450000
2016-05-16 00:23:02.743000,1.13081,1.13079,1000000,3070000
2016-05-16 00:23:03.273000,1.13082,1.13080,1000000,1000000
2016-05-16 00:23:04.141000,1.13081,1.13078,1000000,2400000
2016-05-16 00:23:04.685000,1.13079,1.13077,1000000,10950000
2016-05-16 00:23:05.748000,1.13078,1.13071,1000000,1500000
2016-05-16 00:23:06.026000,1.13074,1.13070,1000000,8620000
2016-05-16 00:23:06.342000,1.13075,1.13073,1000000,2020000
2016-05-16 00:23:07.377000,1.13074,1.13071,1000000,1200000
2016-05-16 00:23:09.652000,1.13074,1.13071,1000000,2440000
2016-05-16 00:23:10.425000,1.13076,1.13073,1000000,3000000
2016-05-16 00:23:10.947000,1.13075,1.13072,1000000,7570000
2016-05-16 00:23:12.090000,1.13072,1.13070,1000000,5320000
2016-05-16 00:23:13.550000,1.13072,1.13070,1000000,2620000
2016-05-16 00:23:13.854000,1.13071,1.13069,1000000,4950000
2016-05-16 00:23:14.158000,1.13074,1.13071,1000000,2700000
2016-05-16 00:23:14.792000,1.13074,1.13071,1000000,2060000
2016-05-16 00:23:15.248000,1.13075,1.13072,1000000,11620000
2016-05-16 00:23:15.779000,1.13075,1.13073,1000000,14700000
2016-05-16 00:23:16.287000,1.13076,1.13073,1000000,15000000
2016-05-16 00:23:16.592000,1.13073,1.13069,1000000,8250000
2016-05-16 00:23:19.300000,1.13074,1.13072,1000000,5250000
2016-05-16 00:23:19.806000,1.13074,1.13071,1000000,3450000
2016-05-16 00:23:20.885000,1.13074,1.13071,1000000,1250000
2016-05-16 00:23:21.391000,1.13075,1.13071,1000000,1370000
2016-05-16 00:23:21.726000,1.13077,1.13074,1000000,3190000
2016-05-16 00:23:22.031000,1.13075,1.13073,1000000,4050000
2016-05-16 00:23:22.285000,1.13076,1.13073,1000000,7950000
2016-05-16 00:23:22.683000,1.13077,1.13076,1000000,1000000
2016-05-16 00:23:27.391000,1.13077,1.13074,1000000,5100000
2016-05-16 00:23:28.375000,1.13078,1.13075,1000000,4500000
2016-05-16 00:23:29.712000,1.13079,1.13076,1000000,1870000
2016-05-16 00:23:29.813000,1.13080,1.13078,1000000,3000000
2016-05-16 00:23:30.319000,1.13081,1.13079,1000000,1540000
2016-05-16 00:23:31.502000,1.13081,1.13078,1000000,6070000
2016-05-16 00:23:34.857000,1.13081,1.13078,1000000,10270000
2016-05-16 00:23:39.814000,1.13079,1.13076,1000000,3820000
2016-05-16 00:23:40.112000,1.13077,1.13074,1000000,1310000
2016-05-16 00:23:40.519000,1.13078,1.13076,1000000,1500000
2016-05-16 00:23:41.027000,1.13079,1.13077,1000000,6750000
2016-05-16 00:23:43.805000,1.13078,1.13075,1000000,10310000
2016-05-16 00:23:44.369000,1.13077,1.13075,1000000,4120000
2016-05-16 00:23:51.453000,1.13076,1.13074,1000000,2250000
2016-05-16 00:23:51.858000,1.13075,1.13070,1000000,9000000
2016-05-16 00:23:54.427000,1.13075,1.13073,1000000,10500000
2016-05-16 00:23:54.706000,1.13075,1.13071,1000000,7500000
2016-05-16 00:23:55.259000,1.13075,1.13073,1000000,11620000
2016-05-16 00:23:55.563000,1.13074,1.13071,1000000,1000000
2016-05-16 00:23:56.077000,1.13075,1.13071,1000000,4120000
2016-05-16 00:23:56.613000,1.13075,1.13073,1000000,16120001
2016-05-16 00:23:57.835000,1.13076,1.13073,1000000,13120000
2016-05-16 00:23:58.341000,1.13076,1.13074,1000000,1120000
2016-05-16 00:23:58.645000,1.13075,1.13072,1000000,2620000
2016-05-16 00:24:00.940000,1.13075,1.13073,1000000,10870000
2016-05-16 00:24:01.241000,1.13079,1.13078,1000000,2320000
2016-05-16 00:24:01.747000,1.13079,1.13077,1000000,6940000
2016-05-16 00:24:02.051000,1.13078,1.13075,1000000,10500000
2016-05-16 00:24:02.872000,1.13079,1.13076,1000000,3750000
2016-05-16 00:24:03.377000,1.13079,1.13077,1000000,1000000
2016-05-16 00:24:03.729000,1.13080,1.13077,1000000,1500000
2016-05-16 00:24:03.831000,1.13080,1.13079,1250000,1120000
2016-05-16 00:24:05.939000,1.13078,1.13077,1250000,4500000
2016-05-16 00:24:06.237000,1.13073,1.13071,1000000,1690000
2016-05-16 00:24:06.338000,1.13074,1.13072,1000000,2700000
2016-05-16 00:24:08.964000,1.13072,1.13068,2120000,3000000
2016-05-16 00:24:09.267000,1.13068,1.13066,1000000,1000000
2016-05-16 00:24:09.471000,1.13069,1.13068,1000000,3820000
2016-05-16 00:24:09.977000,1.13070,1.13068,1690000,1950000
2016-05-16 00:24:10.079000,1.13068,1.13065,1000000,21370001
2016-05-16 00:24:10.586000,1.13067,1.13065,1000000,5810000
2016-05-16 00:24:11.352000,1.13068,1.13066,1000000,1120000
2016-05-16 00:24:13.077000,1.13070,1.13068,1000000,6000000
2016-05-16 00:24:13.617000,1.13071,1.13068,1000000,7120000
2016-05-16 00:24:14.477000,1.13070,1.13067,1000000,2020000
2016-05-16 00:24:15.003000,1.13069,1.13066,1000000,2810000
2016-05-16 00:24:15.508000,1.13070,1.13067,1000000,1120000
2016-05-16 00:24:17.854000,1.13070,1.13064,1000000,12750000
2016-05-16 00:24:18.360000,1.13067,1.13063,1000000,2620000
2016-05-16 00:24:18.866000,1.13067,1.13064,1000000,3750000
2016-05-16 00:24:20.177000,1.13066,1.13063,1000000,8250000
2016-05-16 00:24:23.356000,1.13065,1.13061,1000000,5620000
2016-05-16 00:24:23.872000,1.13066,1.13063,1000000,2250000
2016-05-16 00:24:24.680000,1.13067,1.13064,1000000,2250000
2016-05-16 00:24:26.876000,1.13066,1.13063,1000000,10120000
2016-05-16 00:24:29.003000,1.13067,1.13065,1000000,1500000
2016-05-16 00:24:31.612000,1.13067,1.13066,1000000,1500000
2016-05-16 00:24:32.161000,1.13069,1.13067,1000000,2620000
2016-05-16 00:24:32.667000,1.13070,1.13068,1000000,7120000
2016-05-16 00:24:33.901000,1.13071,1.13069,1000000,1000000
2016-05-16 00:24:37.577000,1.13070,1.13067,1000000,12370000
2016-05-16 00:24:40.636000,1.13071,1.13069,1000000,1500000
2016-05-16 00:24:46.340000,1.13072,1.13070,1000000,1000000
2016-05-16 00:24:46.492000,1.13072,1.13069,1000000,3370000
2016-05-16 00:24:46.645000,1.13075,1.13074,2440000,1000000
2016-05-16 00:24:47.131000,1.13073,1.13070,1000000,15000000
2016-05-16 00:24:48.041000,1.13074,1.13071,1000000,1000000
2016-05-16 00:24:48.582000,1.13073,1.13070,1000000,8250000
2016-05-16 00:24:49.088000,1.13074,1.13072,1000000,3000000
2016-05-16 00:24:50.512000,1.13073,1.13070,1000000,12370000
2016-05-16 00:24:52.429000,1.13074,1.13071,1250000,2620000
2016-05-16 00:24:52.935000,1.13076,1.13074,1000000,2620000
2016-05-16 00:24:53.542000,1.13077,1.13074,1000000,3370000
2016-05-16 00:24:54.079000,1.13079,1.13075,1000000,11620000
2016-05-16 00:24:54.485000,1.13079,1.13077,1000000,3000000
2016-05-16 00:24:55.017000,1.13079,1.13075,1000000,14620000
2016-05-16 00:24:55.561000,1.13079,1.13076,1000000,2620000
2016-05-16 00:24:56.271000,1.13080,1.13078,1250000,5250000
2016-05-16 00:24:56.667000,1.13082,1.13081,1000000,2700000
2016-05-16 00:24:57.174000,1.13083,1.13080,1000000,3070000
2016-05-16 00:24:59.825000,1.13084,1.13081,1000000,1000000
2016-05-16 00:25:00.067000,1.13082,1.13079,1000000,1000000
2016-05-16 00:25:01.472000,1.13080,1.13075,1000000,23620001
2016-05-16 00:25:02.772000,1.13077,1.13074,1000000,8250000
2016-05-16 00:25:03.279000,1.13077,1.13075,1000000,1390000
2016-05-16 00:25:03.784000,1.13079,1.13076,1000000,1500000
2016-05-16 00:25:05.128000,1.13079,1.13077,1000000,4500000
2016-05-16 00:25:05.635000,1.13079,1.13077,1000000,4570000
2016-05-16 00:25:07.570000,1.13080,1.13077,1000000,1570000
2016-05-16 00:25:08.101000,1.13081,1.13078,1000000,22010000
2016-05-16 00:25:11.851000,1.13079,1.13074,1000000,10690000
2016-05-16 00:25:12.391000,1.13078,1.13076,1000000,3750000
2016-05-16 00:25:14.463000,1.13079,1.13077,1000000,1000000
2016-05-16 00:25:15.158000,1.13079,1.13076,1000000,10310000
2016-05-16 00:25:18.193000,1.13080,1.13078,1000000,1000000
2016-05-16 00:25:20.859000,1.13079,1.13077,1000000,7870000
2016-05-16 00:25:21.062000,1.13081,1.13078,1000000,8470000
2016-05-16 00:25:21.794000,1.13080,1.13077,1000000,18600000
2016-05-16 00:25:22.504000,1.13080,1.13078,1000000,10800000
2016-05-16 00:25:23.008000,1.13081,1.13078,1000000,10420000
2016-05-16 00:25:24.844000,1.13081,1.13079,1000000,1120000
2016-05-16 00:25:25.379000,1.13081,1.13078,1000000,10650000
2016-05-16 00:25:26.396000,1.13081,1.13079,1000000,1000000
2016-05-16 00:25:28.823000,1.13081,1.13080,1000000,1000000
2016-05-16 00:25:29.128000,1.13084,1.13082,1000000,3070000
2016-05-16 00:25:29.433000,1.13083,1.13080,1000000,8250000
2016-05-16 00:25:32.378000,1.13083,1.13081,1000000,1000000
2016-05-16 00:25:32.480000,1.13081,1.13078,1000000,10500000
2016-05-16 00:25:34.173000,1.13082,1.13079,1000000,2700000
2016-05-16 00:25:34.709000,1.13082,1.13079,1000000,5620000
2016-05-16 00:25:36.597000,1.13081,1.13078,1000000,12710000
2016-05-16 00:25:37.205000,1.13080,1.13077,1000000,12790000
2016-05-16 00:25:39.124000,1.13081,1.13079,1000000,2250000
2016-05-16 00:25:39.630000,1.13082,1.13079,1000000,5810000
2016-05-16 00:25:42.585000,1.13081,1.13078,1000000,10120000
2016-05-16 00:25:44.321000,1.13080,1.13077,1000000,9220000
2016-05-16 00:25:44.727000,1.13083,1.13082,1100000,1870000
2016-05-16 00:25:45.131000,1.13086,1.13084,1250000,1200000
2016-05-16 00:25:45.234000,1.13086,1.13085,1000000,1500000
2016-05-16 00:25:46.130000,1.13086,1.13085,1000000,1500000
2016-05-16 00:25:54.143000,1.13087,1.13085,1000000,1500000
2016-05-16 00:25:54.648000,1.13087,1.13085,1000000,2250000
2016-05-16 00:25:55.186000,1.13087,1.13085,1000000,4870000
2016-05-16 00:25:55.696000,1.13087,1.13086,1000000,1000000
2016-05-16 00:25:55.930000,1.13088,1.13086,1690000,1870000
2016-05-16 00:25:56.345000,1.13091,1.13088,1690000,2770000
2016-05-16 00:25:56.854000,1.13090,1.13088,1000000,5660000
2016-05-16 00:25:57.169000,1.13088,1.13086,1000000,6190000
2016-05-16 00:25:57.676000,1.13088,1.13086,1000000,2440000
2016-05-16 00:25:58.203000,1.13090,1.13088,1000000,18450001
2016-05-16 00:25:59.143000,1.13091,1.13088,1000000,14620000
2016-05-16 00:25:59.447000,1.13094,1.13093,1000000,2440000
2016-05-16 00:25:59.992000,1.13094,1.13092,1000000,1000000
2016-05-16 00:26:00.296000,1.13091,1.13088,1000000,19270000
2016-05-16 00:26:00.803000,1.13092,1.13090,1000000,5320000
2016-05-16 00:26:01.232000,1.13093,1.13092,1000000,1000000
2016-05-16 00:26:01.740000,1.13092,1.13089,1000000,8810000
2016-05-16 00:26:02.553000,1.13091,1.13088,1000000,9150000
2016-05-16 00:26:03.093000,1.13091,1.13087,1000000,3000000
2016-05-16 00:26:04.561000,1.13091,1.13089,1000000,1000000
2016-05-16 00:26:08.573000,1.13092,1.13090,1000000,1000000
2016-05-16 00:26:09.334000,1.13091,1.13089,1000000,5020000
2016-05-16 00:26:09.883000,1.13092,1.13090,1000000,1120000
2016-05-16 00:26:10.339000,1.13093,1.13090,1000000,2620000
2016-05-16 00:26:10.882000,1.13093,1.13090,1000000,1500000
2016-05-16 00:26:11.875000,1.13094,1.13092,1000000,1650000
2016-05-16 00:26:12.421000,1.13095,1.13093,1000000,10310000
2016-05-16 00:26:14.532000,1.13092,1.13089,1000000,16870001
2016-05-16 00:26:18.544000,1.13092,1.13088,1000000,17209999
2016-05-16 00:26:19.644000,1.13092,1.13090,1000000,1000000
2016-05-16 00:26:20.048000,1.13091,1.13089,1000000,2890000
2016-05-16 00:26:20.554000,1.13091,1.13089,1000000,6220000
2016-05-16 00:26:21.826000,1.13092,1.13089,1000000,6970000
2016-05-16 00:26:22.436000,1.13092,1.13090,1000000,2440000
2016-05-16 00:26:26.456000,1.13092,1.13090,1000000,3640000
2016-05-16 00:26:26.761000,1.13092,1.13089,1000000,10840000
2016-05-16 00:26:27.313000,1.13092,1.13090,1000000,2700000
2016-05-16 00:26:27.839000,1.13092,1.13089,1000000,8620000
2016-05-16 00:26:34.542000,1.13091,1.13088,1000000,17209999
2016-05-16 00:26:40.352000,1.13091,1.13089,1000000,1100000
2016-05-16 00:26:42.855000,1.13091,1.13090,1000000,1000000
2016-05-16 00:26:44.462000,1.13092,1.13089,1000000,7120000
2016-05-16 00:26:45.678000,1.13092,1.13089,1000000,5440000
2016-05-16 00:26:46.006000,1.13091,1.13088,1000000,13090000
2016-05-16 00:26:48.584000,1.13091,1.13089,1000000,5960000
2016-05-16 00:26:49.090000,1.13092,1.13090,1000000,1120000
2016-05-16 00:26:49.903000,1.13092,1.13089,1000000,5620000
2016-05-16 00:26:53.078000,1.13093,1.13091,1000000,1000000
2016-05-16 00:26:59.156000,1.13094,1.13091,2440000,2400000
2016-05-16 00:26:59.208000,1.13092,1.13090,1000000,4120000
2016-05-16 00:26:59.917000,1.13092,1.13089,1000000,11590000
2016-05-16 00:27:02.986000,1.13093,1.13090,1000000,5620000
2016-05-16 00:27:03.503000,1.13092,1.13090,1000000,4500000
2016-05-16 00:27:04.110000,1.13093,1.13091,1000000,1000000
2016-05-16 00:27:05.330000,1.13092,1.13089,1000000,8590000
2016-05-16 00:27:05.836000,1.13091,1.13089,1000000,1500000
2016-05-16 00:27:05.887000,1.13091,1.13085,1000000,8620000
2016-05-16 00:27:06.293000,1.13089,1.13087,1690000,1870000
2016-05-16 00:27:06.445000,1.13090,1.13089,1000000,1000000
2016-05-16 00:27:06.583000,1.13089,1.13087,1000000,3370000
2016-05-16 00:27:06.643000,1.13090,1.13089,1000000,1000000
2016-05-16 00:27:07.200000,1.13090,1.13087,1000000,5700000
2016-05-16 00:27:07.706000,1.13090,1.13088,1000000,3900000
2016-05-16 00:27:08.094000,1.13091,1.13090,1000000,2320000
2016-05-16 00:27:08.853000,1.13091,1.13089,1000000,3790000
2016-05-16 00:27:09.393000,1.13091,1.13090,1000000,1000000
2016-05-16 00:27:11.606000,1.13091,1.13089,1000000,2290000
2016-05-16 00:27:12.113000,1.13091,1.13089,1000000,3450000
2016-05-16 00:27:12.620000,1.13092,1.13090,1000000,1120000
2016-05-16 00:27:13.216000,1.13091,1.13089,1000000,7460000
2016-05-16 00:27:13.722000,1.13092,1.13090,1000000,3000000
2016-05-16 00:27:16.279000,1.13092,1.13091,1000000,1000000
2016-05-16 00:27:20.960000,1.13092,1.13090,1000000,4500000
2016-05-16 00:27:21.366000,1.13090,1.13088,1000000,1500000
2016-05-16 00:27:21.749000,1.13092,1.13090,1000000,1000000
2016-05-16 00:27:22.356000,1.13091,1.13088,1000000,2230000
2016-05-16 00:27:22.892000,1.13090,1.13088,1000000,4480000
2016-05-16 00:27:23.651000,1.13091,1.13088,1000000,4100000
2016-05-16 00:27:24.169000,1.13091,1.13089,1000000,2250000
2016-05-16 00:27:24.675000,1.13091,1.13089,1000000,2600000
2016-05-16 00:27:25.180000,1.13091,1.13090,1000000,4120000
2016-05-16 00:27:27.536000,1.13091,1.13088,1000000,10840000
2016-05-16 00:27:28.498000,1.13090,1.13088,1000000,5470000
2016-05-16 00:27:29.005000,1.13090,1.13089,1000000,2250000
2016-05-16 00:27:29.512000,1.13090,1.13088,1000000,5620000
2016-05-16 00:27:30.248000,1.13089,1.13087,1000000,1500000
2016-05-16 00:27:30.654000,1.13091,1.13088,1000000,9820000
2016-05-16 00:27:31.174000,1.13092,1.13090,1000000,2620000
2016-05-16 00:27:33.543000,1.13092,1.13090,1000000,4870000
2016-05-16 00:27:35.076000,1.13092,1.13089,1000000,7460000
2016-05-16 00:27:35.974000,1.13093,1.13091,1000000,3000000
2016-05-16 00:27:36.482000,1.13093,1.13090,1000000,9750000
2016-05-16 00:27:38.666000,1.13093,1.13090,1000000,5620000
2016-05-16 00:27:39.173000,1.13091,1.13089,1000000,4120000
2016-05-16 00:27:39.477000,1.13092,1.13090,1000000,1500000
2016-05-16 00:27:40.021000,1.13092,1.13090,1000000,3820000
2016-05-16 00:27:40.960000,1.13092,1.13090,1000000,4950000
2016-05-16 00:27:41.476000,1.13093,1.13091,1000000,1000000
2016-05-16 00:27:42.979000,1.13093,1.13091,1000000,3450000
2016-05-16 00:27:43.587000,1.13093,1.13091,1000000,3070000
2016-05-16 00:27:49.229000,1.13094,1.13092,1250000,1000000
2016-05-16 00:27:50.085000,1.13092,1.13090,1000000,9750000
2016-05-16 00:27:50.604000,1.13092,1.13089,1000000,4460000
2016-05-16 00:27:51.105000,1.13092,1.13090,1000000,1500000
2016-05-16 00:27:52.511000,1.13092,1.13088,1000000,1000000
2016-05-16 00:27:53.118000,1.13089,1.13086,1000000,11250000
2016-05-16 00:27:54.159000,1.13088,1.13086,1000000,1000000
2016-05-16 00:27:54.467000,1.13090,1.13088,1000000,8250000
2016-05-16 00:27:57.306000,1.13091,1.13089,1250000,1500000
2016-05-16 00:27:59.154000,1.13091,1.13090,1690000,1000000
2016-05-16 00:27:59.661000,1.13091,1.13089,1250000,4120000
2016-05-16 00:28:02.694000,1.13092,1.13090,1000000,2620000
2016-05-16 00:28:02.746000,1.13091,1.13090,1000000,2620000
2016-05-16 00:28:03.237000,1.13091,1.13088,1000000,4500000
2016-05-16 00:28:04.132000,1.13092,1.13091,1000000,1000000
2016-05-16 00:28:04.503000,1.13091,1.13088,1000000,3750000
2016-05-16 00:28:05.420000,1.13090,1.13088,1000000,9370000
2016-05-16 00:28:05.926000,1.13091,1.13089,1000000,1120000
2016-05-16 00:28:07.622000,1.13092,1.13090,1000000,1500000
2016-05-16 00:28:07.818000,1.13092,1.13090,1000000,3370000
2016-05-16 00:28:08.324000,1.13091,1.13089,1000000,7950000
2016-05-16 00:28:08.830000,1.13091,1.13089,1000000,4200000
2016-05-16 00:28:10.425000,1.13091,1.13089,1000000,1500000
2016-05-16 00:28:10.931000,1.13091,1.13090,1000000,3000000
2016-05-16 00:28:11.639000,1.13091,1.13089,1000000,13120000
2016-05-16 00:28:12.936000,1.13091,1.13088,1000000,9370000
2016-05-16 00:28:13.833000,1.13091,1.13087,1000000,1000000
2016-05-16 00:28:14.279000,1.13091,1.13086,1000000,1000000
2016-05-16 00:28:15.285000,1.13090,1.13088,1000000,1870000
2016-05-16 00:28:15.983000,1.13091,1.13086,1000000,1000000
2016-05-16 00:28:16.244000,1.13090,1.13088,1000000,1000000
2016-05-16 00:28:16.836000,1.13093,1.13090,2690000,1500000
2016-05-16 00:28:17.339000,1.13093,1.13091,1690000,1500000
2016-05-16 00:28:18.494000,1.13093,1.13091,1250000,1500000
2016-05-16 00:28:18.997000,1.13092,1.13090,1250000,6000000
2016-05-16 00:28:19.250000,1.13091,1.13086,1000000,1000000
2016-05-16 00:28:22.324000,1.13092,1.13088,1000000,2250000
2016-05-16 00:28:22.577000,1.13091,1.13090,1000000,1120000
2016-05-16 00:28:22.679000,1.13092,1.13086,1000000,1310000
2016-05-16 00:28:22.780000,1.13091,1.13089,1000000,4500000
2016-05-16 00:28:22.852000,1.13092,1.13086,1000000,1310000
2016-05-16 00:28:23.256000,1.13091,1.13089,1000000,6000000
2016-05-16 00:28:23.604000,1.13093,1.13086,1000000,1310000
2016-05-16 00:28:23.756000,1.13091,1.13089,1000000,6000000
2016-05-16 00:28:24.110000,1.13093,1.13086,1000000,1310000
2016-05-16 00:28:24.263000,1.13092,1.13090,1000000,6000000
2016-05-16 00:28:26.666000,1.13092,1.13090,1000000,10120000
2016-05-16 00:28:27.178000,1.13092,1.13090,1000000,10500000
2016-05-16 00:28:28.772000,1.13092,1.13090,1000000,10500000
2016-05-16 00:28:29.375000,1.13093,1.13090,1000000,5250000
2016-05-16 00:28:29.728000,1.13094,1.13093,2440000,1000000
2016-05-16 00:28:30.165000,1.13092,1.13090,1000000,10870000
2016-05-16 00:28:30.671000,1.13091,1.13089,1000000,3370000
2016-05-16 00:28:33.564000,1.13090,1.13087,1000000,15000000
2016-05-16 00:28:34.183000,1.13090,1.13088,1000000,14250000
2016-05-16 00:28:34.693000,1.13091,1.13089,1000000,3370000
2016-05-16 00:28:35.079000,1.13092,1.13091,1690000,1000000
2016-05-16 00:28:35.586000,1.13094,1.13092,1250000,4500000
2016-05-16 00:28:40.658000,1.13096,1.13094,1690000,1100000
2016-05-16 00:28:40.712000,1.13095,1.13093,1000000,9150000
2016-05-16 00:28:41.220000,1.13095,1.13093,1000000,13720000
2016-05-16 00:28:41.726000,1.13095,1.13093,1000000,4500000
2016-05-16 00:28:43.839000,1.13095,1.13094,1000000,1000000
2016-05-16 00:28:45.990000,1.13096,1.13095,1250000,1000000
2016-05-16 00:28:46.497000,1.13096,1.13094,1000000,9000000
2016-05-16 00:28:47.568000,1.13096,1.13094,1000000,7950000
2016-05-16 00:28:47.822000,1.13095,1.13093,1000000,12000000
2016-05-16 00:28:50.188000,1.13095,1.13089,1000000,15370000
2016-05-16 00:28:50.722000,1.13091,1.13089,1000000,2320000
2016-05-16 00:28:51.038000,1.13091,1.13086,1000000,3750000
2016-05-16 00:28:51.544000,1.13090,1.13088,1000000,10870000
2016-05-16 00:28:59.411000,1.13090,1.13088,1000000,21070000
2016-05-16 00:29:00.324000,1.13090,1.13087,1000000,25870001
2016-05-16 00:29:00.995000,1.13089,1.13086,1000000,7870000
2016-05-16 00:29:03.827000,1.13090,1.13087,1000000,3370000
2016-05-16 00:29:04.386000,1.13090,1.13088,1000000,1000000
2016-05-16 00:29:04.920000,1.13089,1.13086,1000000,10870000
2016-05-16 00:29:08.322000,1.13090,1.13088,1000000,1000000
2016-05-16 00:29:08.833000,1.13091,1.13088,1000000,3190000
2016-05-16 00:29:11.141000,1.13090,1.13088,1000000,1690000
2016-05-16 00:29:12.957000,1.13088,1.13085,1000000,13690000
2016-05-16 00:29:13.475000,1.13089,1.13087,1000000,9750000
2016-05-16 00:29:14.448000,1.13088,1.13085,1000000,13690000
2016-05-16 00:29:17.504000,1.13089,1.13087,1000000,1500000
2016-05-16 00:29:21.618000,1.13087,1.13084,1000000,9000000
2016-05-16 00:29:23.452000,1.13088,1.13086,1000000,2250000
2016-05-16 00:29:27.316000,1.13088,1.13087,1000000,1000000
2016-05-16 00:29:28.034000,1.13088,1.13086,1000000,10870000
2016-05-16 00:29:36.634000,1.13087,1.13084,1000000,7870000
2016-05-16 00:29:37.142000,1.13086,1.13083,1000000,7500000
2016-05-16 00:29:37.403000,1.13083,1.13082,1000000,1120000
2016-05-16 00:29:37.454000,1.13082,1.13079,1000000,10120000
2016-05-16 00:29:37.758000,1.13080,1.13078,1000000,5550000
2016-05-16 00:29:40.820000,1.13080,1.13079,1250000,1000000
2016-05-16 00:29:40.871000,1.13081,1.13079,1690000,1500000
