time,ask,bid,ask_volume,bid_volume
2016-09-04 21:00:17.533000,1.11594,1.11559,370000,750000
2016-09-04 21:00:17.583000,1.11595,1.11560,370000,370000
2016-09-04 21:00:34.147000,1.11595,1.11562,370000,750000
2016-09-04 21:00:37.451000,1.11594,1.11562,370000,750000
2016-09-04 21:00:37.501000,1.11594,1.11562,750000,750000
2016-09-04 21:00:40.240000,1.11594,1.11563,750000,750000
2016-09-04 21:00:57.469000,1.11594,1.11563,370000,750000
2016-09-04 21:00:57.519000,1.11595,1.11563,750000,750000
2016-09-04 21:01:38.515000,1.11595,1.11561,1500000,750000
2016-09-04 21:01:38.567000,1.11590,1.11561,370000,750000
2016-09-04 21:01:38.618000,1.11590,1.11561,750000,750000
2016-09-04 21:01:38.669000,1.11595,1.11561,1500000,750000
2016-09-04 21:01:38.719000,1.11595,1.11561,2250000,750000
2016-09-04 21:01:38.770000,1.11590,1.11561,750000,750000
2016-09-04 21:01:45.937000,1.11590,1.11562,370000,370000
2016-09-04 21:01:45.987000,1.11592,1.11562,750000,750000
2016-09-04 21:02:14.478000,1.11587,1.11562,750000,750000
2016-09-04 21:02:57.535000,1.11587,1.11563,750000,370000
2016-09-04 21:02:57.586000,1.11587,1.11563,750000,750000
2016-09-04 21:03:14.650000,1.11593,1.11563,750000,750000
2016-09-04 21:03:26.069000,1.11593,1.11563,750000,370000
2016-09-04 21:03:26.120000,1.11593,1.11560,1120000,1500000
2016-09-04 21:03:26.171000,1.11593,1.11560,1120000,750000
2016-09-04 21:03:26.221000,1.11593,1.11556,1120000,750000
2016-09-04 21:03:26.272000,1.11578,1.11547,750000,370000
2016-09-04 21:03:26.323000,1.11578,1.11545,750000,1500000
2016-09-04 21:03:26.374000,1.11578,1.11538,750000,370000
2016-09-04 21:03:26.425000,1.11578,1.11535,750000,750000
2016-09-04 21:03:26.475000,1.11583,1.11534,750000,750000
2016-09-04 21:03:32.224000,1.11583,1.11564,750000,370000
2016-09-04 21:03:32.355000,1.11585,1.11564,750000,370000
2016-09-04 21:03:37.558000,1.11585,1.11564,750000,750000
2016-09-04 21:03:57.545000,1.11585,1.11564,750000,370000
2016-09-04 21:03:57.596000,1.11585,1.11563,750000,750000
2016-09-04 21:04:02.775000,1.11585,1.11563,1000000,1000000
2016-09-04 21:04:17.434000,1.11585,1.11561,1000000,2250000
2016-09-04 21:04:17.485000,1.11585,1.11564,1000000,1000000
2016-09-04 21:04:32.413000,1.11594,1.11564,1250000,1000000
2016-09-04 21:04:37.474000,1.11595,1.11561,1690000,1750000
2016-09-04 21:04:57.524000,1.11595,1.11563,1690000,1000000
2016-09-04 21:04:57.575000,1.11595,1.11561,1690000,1750000
2016-09-04 21:05:05.969000,1.11595,1.11561,2440000,1750000
2016-09-04 21:05:06.071000,1.11595,1.11561,1690000,1750000
2016-09-04 21:05:06.774000,1.11595,1.11561,2440000,1750000
2016-09-04 21:05:14.765000,1.11595,1.11561,1690000,1750000
2016-09-04 21:05:16.268000,1.11595,1.11561,2440000,1750000
2016-09-04 21:05:20.078000,1.11595,1.11561,1690000,1750000
2016-09-04 21:05:20.129000,1.11595,1.11561,2440000,1750000
2016-09-04 21:05:20.230000,1.11586,1.11561,1000000,1750000
2016-09-04 21:05:27.864000,1.11585,1.11565,1000000,1000000
2016-09-04 21:05:27.966000,1.11589,1.11564,1000000,1120000
2016-09-04 21:05:28.319000,1.11587,1.11565,1000000,1000000
2016-09-04 21:05:29.421000,1.11585,1.11565,1000000,1000000
2016-09-04 21:05:33.225000,1.11585,1.11565,1000000,1500000
2016-09-04 21:05:59.070000,1.11585,1.11565,1000000,1370000
2016-09-04 21:06:00.172000,1.11585,1.11565,1000000,1500000
2016-09-04 21:06:04.819000,1.11585,1.11565,1000000,1000000
2016-09-04 21:06:44.646000,1.11586,1.11565,1000000,1000000
2016-09-04 21:06:55.467000,1.11585,1.11565,1000000,1000000
2016-09-04 21:07:47.487000,1.11587,1.11565,1000000,1000000
2016-09-04 21:07:49.152000,1.11584,1.11565,1000000,1000000
2016-09-04 21:07:49.203000,1.11584,1.11564,4870000,1500000
2016-09-04 21:07:49.254000,1.11584,1.11564,5250000,1500000
2016-09-04 21:08:06.265000,1.11584,1.11564,4500000,1500000
2016-09-04 21:08:46.556000,1.11584,1.11564,5250000,1500000
2016-09-04 21:08:49.318000,1.11584,1.11564,1500000,1500000
2016-09-04 21:08:58.710000,1.11584,1.11564,1000000,1500000
2016-09-04 21:08:59.711000,1.11584,1.11564,1500000,1500000
2016-09-04 21:09:06.224000,1.11584,1.11564,1000000,1500000
2016-09-04 21:09:11.094000,1.11584,1.11564,1000000,1000000
2016-09-04 21:09:23.562000,1.11584,1.11564,1500000,1000000
2016-09-04 21:09:40.165000,1.11584,1.11564,2250000,1000000
2016-09-04 21:09:57.732000,1.11584,1.11564,2250000,1500000
2016-09-04 21:10:01.703000,1.11584,1.11564,1500000,1500000
2016-09-04 21:10:02.113000,1.11584,1.11564,2250000,1500000
2016-09-04 21:10:03.761000,1.11584,1.11564,1500000,1500000
2016-09-04 21:10:06.287000,1.11584,1.11564,2250000,1500000
2016-09-04 21:10:07.012000,1.11584,1.11564,1500000,1500000
2016-09-04 21:10:23.733000,1.11584,1.11564,1000000,1500000
2016-09-04 21:10:34.731000,1.11584,1.11564,1500000,1500000
2016-09-04 21:10:36.329000,1.11584,1.11564,1000000,1500000
2016-09-04 21:10:37.248000,1.11584,1.11564,1000000,1000000
2016-09-04 21:10:48.573000,1.11582,1.11564,1000000,1000000
2016-09-04 21:10:48.675000,1.11580,1.11562,1370000,1370000
2016-09-04 21:10:48.726000,1.11580,1.11562,1500000,1000000
2016-09-04 21:10:48.776000,1.11580,1.11561,1500000,2250000
2016-09-04 21:10:48.827000,1.11580,1.11561,1750000,2250000
2016-09-04 21:10:48.878000,1.11580,1.11561,2250000,2250000
2016-09-04 21:10:48.929000,1.11580,1.11561,3000000,3000000
2016-09-04 21:10:48.980000,1.11580,1.11561,2250000,3000000
2016-09-04 21:10:49.252000,1.11580,1.11561,3000000,3000000
2016-09-04 21:10:50.522000,1.11580,1.11561,2250000,3000000
2016-09-04 21:10:51.340000,1.11580,1.11561,1750000,2250000
2016-09-04 21:10:52.222000,1.11578,1.11561,1120000,2250000
2016-09-04 21:10:52.273000,1.11577,1.11561,1370000,1000000
2016-09-04 21:10:52.324000,1.11576,1.11561,1000000,1000000
2016-09-04 21:10:57.455000,1.11577,1.11561,1500000,1000000
2016-09-04 21:10:58.167000,1.11577,1.11560,2250000,4690000
2016-09-04 21:10:58.218000,1.11576,1.11560,1000000,4690000
2016-09-04 21:11:02.075000,1.11576,1.11560,1000000,3940000
2016-09-04 21:11:04.988000,1.11576,1.11560,1000000,4690000
2016-09-04 21:11:06.088000,1.11576,1.11560,1000000,3940000
2016-09-04 21:11:06.290000,1.11576,1.11560,1000000,4690000
2016-09-04 21:11:06.392000,1.11577,1.11560,4500000,4690000
2016-09-04 21:11:06.443000,1.11574,1.11560,1000000,3750000
2016-09-04 21:11:06.494000,1.11574,1.11560,1000000,1000000
2016-09-04 21:11:06.596000,1.11571,1.11558,1000000,1500000
2016-09-04 21:11:06.799000,1.11567,1.11547,1120000,3000000
2016-09-04 21:11:06.850000,1.11566,1.11547,1000000,3000000
2016-09-04 21:11:06.901000,1.11564,1.11543,1370000,2630000
2016-09-04 21:11:06.951000,1.11560,1.11543,1000000,1500000
2016-09-04 21:11:07.002000,1.11560,1.11541,1000000,1000000
2016-09-04 21:11:07.056000,1.11560,1.11541,1370000,1000000
2016-09-04 21:11:07.107000,1.11560,1.11541,1370000,2250000
2016-09-04 21:11:07.158000,1.11560,1.11541,1750000,1500000
2016-09-04 21:11:07.208000,1.11560,1.11541,2250000,1500000
2016-09-04 21:11:07.310000,1.11560,1.11539,3750000,1000000
2016-09-04 21:11:07.361000,1.11560,1.11539,4500000,1000000
2016-09-04 21:11:07.494000,1.11557,1.11539,1000000,1000000
2016-09-04 21:11:07.798000,1.11560,1.11539,1750000,1000000
2016-09-04 21:11:07.848000,1.11558,1.11539,1000000,1000000
2016-09-04 21:11:07.899000,1.11560,1.11538,1500000,1380000
2016-09-04 21:11:07.950000,1.11560,1.11540,1500000,1500000
2016-09-04 21:11:08.001000,1.11560,1.11540,1000000,6000000
2016-09-04 21:11:08.052000,1.11560,1.11540,1000000,4500000
2016-09-04 21:11:08.103000,1.11565,1.11540,3000000,4500000
2016-09-04 21:11:08.154000,1.11562,1.11541,1000000,1000000
2016-09-04 21:11:08.205000,1.11569,1.11540,2250000,6000000
2016-09-04 21:11:08.257000,1.11569,1.11540,2250000,4500000
2016-09-04 21:11:08.308000,1.11570,1.11540,3000000,4500000
2016-09-04 21:11:08.359000,1.11569,1.11542,1000000,1000000
2016-09-04 21:11:08.867000,1.11570,1.11542,2620000,1000000
2016-09-04 21:11:08.918000,1.11570,1.11542,2250000,1000000
2016-09-04 21:11:09.878000,1.11570,1.11540,2620000,4500000
2016-09-04 21:11:09.937000,1.11569,1.11541,1000000,1000000
2016-09-04 21:11:17.467000,1.11570,1.11540,3750000,6000000
2016-09-04 21:11:17.569000,1.11570,1.11542,3750000,1000000
2016-09-04 21:11:18.718000,1.11570,1.11542,3000000,1000000
2016-09-04 21:11:18.910000,1.11570,1.11542,3750000,1000000
2016-09-04 21:11:21.471000,1.11570,1.11542,3000000,1000000
2016-09-04 21:11:22.896000,1.11570,1.11542,3750000,1000000
2016-09-04 21:11:26.928000,1.11570,1.11542,3000000,1000000
2016-09-04 21:11:28.630000,1.11570,1.11542,3750000,1000000
2016-09-04 21:11:30.707000,1.11570,1.11542,3000000,1000000
2016-09-04 21:11:30.933000,1.11570,1.11542,3750000,1000000
2016-09-04 21:11:32.927000,1.11570,1.11540,3370000,6000000
2016-09-04 21:11:32.977000,1.11570,1.11540,3000000,6000000
2016-09-04 21:11:33.028000,1.11570,1.11540,3000000,5250000
2016-09-04 21:11:33.079000,1.11570,1.11541,3000000,1000000
2016-09-04 21:11:35.039000,1.11570,1.11541,2250000,1000000
2016-09-04 21:11:35.717000,1.11570,1.11541,3000000,1000000
2016-09-04 21:11:36.805000,1.11570,1.11541,2250000,1000000
2016-09-04 21:11:36.907000,1.11570,1.11541,1500000,1000000
2016-09-04 21:11:37.027000,1.11570,1.11541,2250000,1000000
2016-09-04 21:11:37.548000,1.11570,1.11540,2250000,4500000
2016-09-04 21:11:38.592000,1.11570,1.11540,3000000,5250000
2016-09-04 21:11:38.795000,1.11570,1.11540,2250000,4500000
2016-09-04 21:11:38.899000,1.11570,1.11540,3000000,5250000
2016-09-04 21:11:39.410000,1.11570,1.11545,1500000,1000000
2016-09-04 21:11:39.461000,1.11570,1.11547,1500000,1370000
2016-09-04 21:11:39.512000,1.11570,1.11550,1000000,1000000
2016-09-04 21:11:39.615000,1.11574,1.11550,1000000,1000000
2016-09-04 21:11:57.481000,1.11575,1.11550,1500000,1000000
2016-09-04 21:12:13.613000,1.11575,1.11547,1120000,3750000
2016-09-04 21:12:13.664000,1.11575,1.11551,1000000,1000000
2016-09-04 21:12:17.498000,1.11575,1.11547,1000000,3750000
2016-09-04 21:12:17.559000,1.11575,1.11550,1000000,1000000
2016-09-04 21:12:34.817000,1.11575,1.11550,1100000,1000000
2016-09-04 21:12:55.716000,1.11575,1.11553,1580000,1000000
2016-09-04 21:13:24.357000,1.11575,1.11553,1100000,1000000
2016-09-04 21:14:22.935000,1.11578,1.11550,1370000,1000000
2016-09-04 21:14:37.616000,1.11579,1.11548,1120000,1750000
2016-09-04 21:14:42.875000,1.11579,1.11547,1120000,2250000
2016-09-04 21:14:44.779000,1.11579,1.11548,1120000,1750000
2016-09-04 21:14:45.180000,1.11579,1.11547,1120000,2250000
2016-09-04 21:14:45.421000,1.11579,1.11548,1120000,1750000
2016-09-04 21:14:46.914000,1.11579,1.11547,1120000,2250000
2016-09-04 21:14:46.965000,1.11579,1.11547,1120000,3010000
2016-09-04 21:14:48.690000,1.11579,1.11548,1120000,1760000
2016-09-04 21:14:53.700000,1.11579,1.11547,1120000,3010000
2016-09-04 21:14:55.704000,1.11579,1.11548,1120000,1760000
2016-09-04 21:14:57.619000,1.11578,1.11550,1370000,1010000
2016-09-04 21:14:59.521000,1.11578,1.11550,1870000,1010000
2016-09-04 21:14:59.572000,1.11576,1.11550,1120000,1010000
2016-09-04 21:15:45.351000,1.11576,1.11546,1500000,4510000
2016-09-04 21:15:45.402000,1.11574,1.11547,1000000,1010000
2016-09-04 21:15:45.476000,1.11576,1.11549,1870000,1010000
2016-09-04 21:15:57.576000,1.11576,1.11546,1870000,3760000
2016-09-04 21:15:57.627000,1.11575,1.11548,1100000,1010000
2016-09-04 21:15:59.540000,1.11575,1.11557,1100000,1010000
2016-09-04 21:15:59.593000,1.11575,1.11559,1100000,1190000
2016-09-04 21:15:59.645000,1.11579,1.11561,1120000,1010000
2016-09-04 21:15:59.696000,1.11579,1.11561,1370000,1770000
2016-09-04 21:15:59.747000,1.11582,1.11561,1750000,1770000
2016-09-04 21:15:59.798000,1.11582,1.11561,1120000,1510000
2016-09-04 21:15:59.924000,1.11582,1.11561,1120000,1130000
2016-09-04 21:15:59.975000,1.11580,1.11560,1100000,1380000
2016-09-04 21:16:00.026000,1.11580,1.11560,1100000,1010000
2016-09-04 21:16:00.178000,1.11580,1.11557,1100000,1510000
2016-09-04 21:16:00.283000,1.11579,1.11557,1000000,1010000
2016-09-04 21:16:00.385000,1.11579,1.11551,1000000,1010000
2016-09-04 21:16:10.371000,1.11579,1.11558,1000000,1190000
2016-09-04 21:16:10.422000,1.11579,1.11561,1000000,1260000
2016-09-04 21:16:10.472000,1.11581,1.11561,1120000,1320000
2016-09-04 21:16:10.524000,1.11581,1.11561,1120000,1690000
2016-09-04 21:16:10.574000,1.11581,1.11561,1120000,2070000
2016-09-04 21:16:17.406000,1.11582,1.11561,1120000,2070000
2016-09-04 21:16:17.508000,1.11582,1.11561,1370000,2070000
2016-09-04 21:16:28.155000,1.11582,1.11561,1370000,1880000
2016-09-04 21:16:28.303000,1.11582,1.11561,1370000,2070000
2016-09-04 21:16:28.404000,1.11582,1.11561,1120000,2070000
2016-09-04 21:16:31.398000,1.11582,1.11561,1120000,2820000
2016-09-04 21:16:33.679000,1.11584,1.11561,1870000,3570000
2016-09-04 21:16:33.730000,1.11584,1.11563,1500000,1130000
2016-09-04 21:16:33.833000,1.11584,1.11564,1370000,1130000
2016-09-04 21:16:34.535000,1.11584,1.11563,1370000,1130000
2016-09-04 21:16:37.528000,1.11584,1.11564,1370000,1130000
2016-09-04 21:17:07.672000,1.11584,1.11563,1370000,1750000
2016-09-04 21:17:07.775000,1.11584,1.11563,1370000,1380000
2016-09-04 21:17:29.303000,1.11584,1.11563,1370000,1000000
2016-09-04 21:17:29.405000,1.11584,1.11563,1500000,1000000
2016-09-04 21:17:29.456000,1.11584,1.11563,1870000,1000000
2016-09-04 21:17:29.507000,1.11584,1.11563,2250000,1000000
2016-09-04 21:17:29.558000,1.11584,1.11563,2620000,1000000
2016-09-04 21:17:29.609000,1.11578,1.11563,1100000,1130000
2016-09-04 21:17:29.660000,1.11578,1.11563,1370000,1500000
2016-09-04 21:17:29.711000,1.11583,1.11563,1750000,1130000
2016-09-04 21:17:29.762000,1.11575,1.11563,1500000,1000000
2016-09-04 21:17:29.863000,1.11570,1.11560,1500000,1000000
2016-09-04 21:17:29.914000,1.11570,1.11555,1500000,2250000
2016-09-04 21:17:29.965000,1.11570,1.11556,1500000,1000000
2016-09-04 21:17:30.016000,1.11570,1.11552,1500000,1380000
2016-09-04 21:17:30.067000,1.11570,1.11552,1500000,1000000
2016-09-04 21:17:36.168000,1.11570,1.11550,1500000,1000000
2016-09-04 21:17:51.417000,1.11570,1.11550,1000000,1000000
2016-09-04 21:17:56.954000,1.11570,1.11550,1000000,1380000
2016-09-04 21:17:57.005000,1.11570,1.11551,1000000,1000000
2016-09-04 21:18:17.496000,1.11570,1.11550,1000000,1500000
2016-09-04 21:18:24.971000,1.11570,1.11550,1500000,1500000
2016-09-04 21:18:25.632000,1.11570,1.11550,1370000,1500000
2016-09-04 21:18:25.742000,1.11570,1.11550,1500000,1500000
2016-09-04 21:18:32.723000,1.11570,1.11550,1370000,1500000
2016-09-04 21:18:36.308000,1.11574,1.11550,1750000,1000000
2016-09-04 21:18:53.533000,1.11574,1.11550,1750000,3000000
2016-09-04 21:18:57.512000,1.11574,1.11549,1120000,3000000
2016-09-04 21:19:01.381000,1.11574,1.11549,1120000,3750000
2016-09-04 21:19:01.432000,1.11572,1.11550,1750000,1120000
2016-09-04 21:19:01.533000,1.11572,1.11550,1370000,1200000
2016-09-04 21:19:03.507000,1.11572,1.11550,1750000,1120000
2016-09-04 21:19:06.379000,1.11572,1.11550,1870000,1120000
2016-09-04 21:19:17.021000,1.11572,1.11550,1870000,1870000
2016-09-04 21:19:17.517000,1.11572,1.11550,1870000,2250000
2016-09-04 21:19:17.568000,1.11572,1.11551,1870000,1000000
2016-09-04 21:19:21.930000,1.11572,1.11551,1120000,1000000
2016-09-04 21:19:30.057000,1.11569,1.11551,1000000,1000000
2016-09-04 21:19:37.519000,1.11569,1.11550,1000000,1880000
2016-09-04 21:19:37.846000,1.11569,1.11550,1000000,1130000
2016-09-04 21:19:41.736000,1.11569,1.11550,1000000,1880000
2016-09-04 21:19:53.816000,1.11569,1.11550,1000000,1130000
2016-09-04 21:19:55.512000,1.11574,1.11550,4500000,1130000
2016-09-04 21:19:55.614000,1.11574,1.11550,1120000,1200000
2016-09-04 21:19:56.423000,1.11574,1.11550,1120000,1950000
2016-09-04 21:19:56.915000,1.11570,1.11550,1100000,1950000
2016-09-04 21:19:56.966000,1.11570,1.11550,1100000,1200000
2016-09-04 21:19:57.068000,1.11570,1.11550,1370000,1880000
2016-09-04 21:19:57.471000,1.11570,1.11550,1370000,2250000
2016-09-04 21:19:57.925000,1.11570,1.11550,1370000,1500000
2016-09-04 21:20:01.057000,1.11570,1.11550,1370000,2250000
2016-09-04 21:20:09.426000,1.11570,1.11550,1370000,3000000
2016-09-04 21:20:09.477000,1.11570,1.11550,1370000,3750000
2016-09-04 21:20:10.178000,1.11570,1.11550,1370000,3000000
2016-09-04 21:20:20.680000,1.11570,1.11550,1370000,5250000
2016-09-04 21:20:33.717000,1.11570,1.11550,1370000,6000000
2016-09-04 21:20:39.862000,1.11570,1.11550,1370000,3750000
2016-09-04 21:20:40.730000,1.11570,1.11550,1370000,3000000
2016-09-04 21:20:41.028000,1.11570,1.11550,1370000,3750000
2016-09-04 21:20:44.683000,1.11570,1.11550,1370000,3000000
2016-09-04 21:20:44.982000,1.11570,1.11550,1370000,3750000
2016-09-04 21:20:45.033000,1.11570,1.11550,1370000,3000000
2016-09-04 21:20:46.397000,1.11570,1.11550,1370000,3750000
2016-09-04 21:20:49.690000,1.11570,1.11550,1370000,3000000
2016-09-04 21:20:50.147000,1.11570,1.11550,1370000,2250000
2016-09-04 21:20:50.198000,1.11570,1.11550,1370000,3000000
2016-09-04 21:20:53.047000,1.11570,1.11550,1370000,2250000
2016-09-04 21:20:56.985000,1.11573,1.11550,1750000,1500000
2016-09-04 21:20:57.042000,1.11573,1.11550,1750000,2250000
2016-09-04 21:21:03.352000,1.11573,1.11550,1750000,1000000
2016-09-04 21:21:35.704000,1.11573,1.11550,1750000,1500000
2016-09-04 21:21:40.713000,1.11573,1.11550,1750000,1000000
2016-09-04 21:21:40.983000,1.11573,1.11550,1750000,1500000
2016-09-04 21:21:44.117000,1.11573,1.11550,1750000,1000000
2016-09-04 21:21:44.678000,1.11573,1.11550,1750000,1500000
2016-09-04 21:21:47.730000,1.11573,1.11550,1750000,1000000
2016-09-04 21:21:48.114000,1.11573,1.11550,1750000,1500000
2016-09-04 21:21:50.225000,1.11573,1.11550,1750000,1000000
2016-09-04 21:21:57.519000,1.11573,1.11549,1120000,1500000
2016-09-04 21:21:57.570000,1.11574,1.11549,1750000,1500000
2016-09-04 21:22:17.413000,1.11573,1.11549,1120000,1500000
2016-09-04 21:22:17.472000,1.11573,1.11550,1750000,1000000
2016-09-04 21:22:37.445000,1.11573,1.11549,1120000,1500000
2016-09-04 21:22:57.463000,1.11573,1.11550,1750000,1000000
2016-09-04 21:23:00.362000,1.11573,1.11550,1750000,1500000
2016-09-04 21:23:29.721000,1.11573,1.11550,1750000,2250000
2016-09-04 21:23:43.199000,1.11573,1.11551,1750000,1000000
2016-09-04 21:24:25.591000,1.11573,1.11551,1370000,1000000
2016-09-04 21:24:25.642000,1.11573,1.11549,1370000,1000000
2016-09-04 21:24:26.763000,1.11573,1.11550,1370000,1000000
2016-09-04 21:24:28.987000,1.11573,1.11550,1120000,1000000
2016-09-04 21:24:29.089000,1.11572,1.11550,1750000,1500000
2016-09-04 21:24:29.568000,1.11572,1.11550,1750000,1000000
2016-09-04 21:24:29.846000,1.11572,1.11550,1750000,1500000
2016-09-04 21:24:31.750000,1.11570,1.11550,1750000,1500000
2016-09-04 21:24:31.801000,1.11565,1.11550,1500000,1500000
2016-09-04 21:24:35.828000,1.11565,1.11550,1500000,2250000
2016-09-04 21:24:35.879000,1.11565,1.11550,1500000,1500000
2016-09-04 21:24:50.190000,1.11565,1.11550,1500000,1000000
2016-09-04 21:25:00.132000,1.11564,1.11550,1370000,1000000
2016-09-04 21:25:01.650000,1.11565,1.11550,3000000,1000000
2016-09-04 21:25:03.780000,1.11565,1.11550,2250000,1500000
2016-09-04 21:25:03.831000,1.11565,1.11550,1500000,1500000
2016-09-04 21:25:05.254000,1.11565,1.11550,1120000,1500000
2016-09-04 21:25:07.938000,1.11568,1.11550,2320000,1500000
2016-09-04 21:25:07.997000,1.11568,1.11550,2320000,2250000
2016-09-04 21:25:20.150000,1.11568,1.11550,2320000,1500000
2016-09-04 21:25:26.834000,1.11568,1.11550,2250000,1500000
2016-09-04 21:25:29.923000,1.11568,1.11550,1750000,1500000
2016-09-04 21:25:36.020000,1.11568,1.11550,1850000,1500000
2016-09-04 21:25:36.863000,1.11566,1.11550,1000000,1500000
2016-09-04 21:26:07.473000,1.11566,1.11551,1000000,1000000
2016-09-04 21:26:17.551000,1.11569,1.11551,1750000,1000000
2016-09-04 21:26:23.836000,1.11569,1.11550,1750000,3000000
2016-09-04 21:26:27.724000,1.11569,1.11551,1750000,1000000
2016-09-04 21:26:37.583000,1.11566,1.11551,1000000,1000000
2016-09-04 21:26:47.817000,1.11566,1.11550,1000000,3000000
2016-09-04 21:26:47.867000,1.11566,1.11550,1000000,2250000
2016-09-04 21:26:50.138000,1.11566,1.11551,1000000,1000000
2016-09-04 21:26:51.729000,1.11566,1.11550,1000000,2250000
2016-09-04 21:26:51.831000,1.11566,1.11551,1000000,1000000
2016-09-04 21:27:18.437000,1.11565,1.11551,1000000,1000000
2016-09-04 21:27:18.590000,1.11565,1.11551,1500000,1000000
2016-09-04 21:27:18.641000,1.11565,1.11551,1570000,1000000
2016-09-04 21:27:18.692000,1.11565,1.11550,2700000,2250000
2016-09-04 21:27:18.743000,1.11565,1.11550,3070000,2250000
2016-09-04 21:27:19.057000,1.11565,1.11550,3070000,1500000
2016-09-04 21:27:19.756000,1.11565,1.11550,3070000,2250000
2016-09-04 21:27:23.763000,1.11565,1.11550,3070000,1500000
2016-09-04 21:27:24.395000,1.11565,1.11550,3070000,2250000
2016-09-04 21:27:26.366000,1.11565,1.11550,3070000,1500000
2016-09-04 21:27:26.967000,1.11565,1.11550,3070000,2250000
2016-09-04 21:27:27.018000,1.11565,1.11550,2320000,1500000
2016-09-04 21:27:27.419000,1.11565,1.11550,3070000,2250000
2016-09-04 21:27:28.723000,1.11565,1.11550,2320000,1500000
2016-09-04 21:27:29.023000,1.11565,1.11550,3070000,2250000
2016-09-04 21:27:32.529000,1.11565,1.11550,2320000,1500000
2016-09-04 21:27:35.834000,1.11565,1.11550,3070000,2250000
2016-09-04 21:27:38.638000,1.11565,1.11550,2320000,1500000
2016-09-04 21:27:39.833000,1.11565,1.11550,3070000,1500000
2016-09-04 21:27:43.795000,1.11565,1.11550,3070000,2250000
2016-09-04 21:27:48.399000,1.11565,1.11550,3070000,1500000
2016-09-04 21:27:51.805000,1.11565,1.11550,3070000,2250000
2016-09-04 21:27:57.470000,1.11564,1.11550,1000000,2250000
2016-09-04 21:27:59.768000,1.11564,1.11550,1000000,1500000
2016-09-04 21:27:59.870000,1.11564,1.11550,1000000,2250000
2016-09-04 21:28:09.435000,1.11564,1.11550,1000000,1500000
2016-09-04 21:28:09.929000,1.11564,1.11550,1000000,2250000
2016-09-04 21:28:10.160000,1.11564,1.11550,1000000,1000000
2016-09-04 21:28:10.732000,1.11564,1.11550,1000000,1500000
2016-09-04 21:28:10.783000,1.11564,1.11550,1000000,2250000
2016-09-04 21:28:14.665000,1.11564,1.11550,1000000,1500000
2016-09-04 21:28:15.750000,1.11564,1.11550,1000000,2250000
2016-09-04 21:28:16.975000,1.11564,1.11550,1000000,1500000
2016-09-04 21:28:17.077000,1.11564,1.11550,1000000,1000000
2016-09-04 21:28:18.755000,1.11564,1.11550,1000000,1500000
2016-09-04 21:28:19.287000,1.11564,1.11550,1000000,2250000
2016-09-04 21:28:19.490000,1.11564,1.11550,1000000,1500000
2016-09-04 21:28:19.655000,1.11564,1.11550,1000000,1000000
2016-09-04 21:28:19.757000,1.11564,1.11550,1000000,2250000
2016-09-04 21:28:31.811000,1.11564,1.11550,1000000,1500000
2016-09-04 21:28:33.613000,1.11560,1.11550,1000000,1500000
2016-09-04 21:28:33.666000,1.11560,1.11550,1190000,1500000
2016-09-04 21:28:33.717000,1.11557,1.11550,1000000,1000000
2016-09-04 21:28:42.512000,1.11562,1.11550,2510000,1000000
2016-09-04 21:28:42.564000,1.11562,1.11550,1950000,1000000
2016-09-04 21:28:42.616000,1.11562,1.11550,1950000,2250000
2016-09-04 21:28:42.667000,1.11562,1.11550,1870000,2250000
2016-09-04 21:28:42.718000,1.11565,1.11550,2250000,2250000
2016-09-04 21:28:42.769000,1.11565,1.11550,1500000,2250000
2016-09-04 21:28:42.820000,1.11565,1.11550,1500000,1500000
2016-09-04 21:28:42.922000,1.11565,1.11550,1500000,2250000
2016-09-04 21:28:46.790000,1.11565,1.11550,1500000,1500000
2016-09-04 21:28:46.883000,1.11565,1.11550,1500000,2250000
2016-09-04 21:28:51.641000,1.11566,1.11550,1750000,1500000
2016-09-04 21:28:54.942000,1.11565,1.11550,1500000,2250000
2016-09-04 21:28:56.959000,1.11565,1.11550,1500000,3000000
2016-09-04 21:28:57.010000,1.11567,1.11550,1750000,3000000
2016-09-04 21:28:57.447000,1.11569,1.11550,3000000,3000000
2016-09-04 21:29:07.509000,1.11569,1.11550,3000000,2250000
2016-09-04 21:29:07.560000,1.11569,1.11550,3000000,1500000
2016-09-04 21:29:08.854000,1.11569,1.11550,3000000,3000000
2016-09-04 21:29:17.431000,1.11565,1.11550,1000000,3000000
2016-09-04 21:29:18.048000,1.11565,1.11550,1000000,2250000
2016-09-04 21:29:18.926000,1.11565,1.11550,1000000,3000000
2016-09-04 21:29:19.369000,1.11565,1.11550,1000000,2250000
2016-09-04 21:29:19.497000,1.11565,1.11550,1000000,1000000
2016-09-04 21:29:31.369000,1.11565,1.11549,1000000,2250000
2016-09-04 21:29:31.608000,1.11565,1.11549,1000000,1500000
2016-09-04 21:29:31.864000,1.11565,1.11549,1000000,1000000
2016-09-04 21:29:50.860000,1.11565,1.11548,1000000,2250000
2016-09-04 21:29:54.696000,1.11565,1.11549,1000000,1000000
2016-09-04 21:29:56.989000,1.11565,1.11548,1000000,2250000
2016-09-04 21:29:57.040000,1.11565,1.11548,1500000,2250000
2016-09-04 21:29:57.091000,1.11565,1.11549,1500000,1500000
2016-09-04 21:29:57.599000,1.11564,1.11549,1000000,1500000
2016-09-04 21:30:00.296000,1.11564,1.11549,1000000,1000000
2016-09-04 21:30:11.105000,1.11564,1.11548,1000000,1500000
2016-09-04 21:30:17.151000,1.11564,1.11548,1000000,2250000
2016-09-04 21:30:17.468000,1.11565,1.11548,1500000,2250000
2016-09-04 21:30:19.570000,1.11565,1.11548,1500000,1500000
2016-09-04 21:30:19.695000,1.11565,1.11548,1000000,1500000
2016-09-04 21:30:20.096000,1.11565,1.11548,1000000,1000000
2016-09-04 21:30:46.479000,1.11565,1.11547,1000000,3750000
2016-09-04 21:30:54.889000,1.11565,1.11547,1000000,3000000
2016-09-04 21:30:56.392000,1.11565,1.11547,1000000,3750000
2016-09-04 21:30:57.553000,1.11568,1.11547,1750000,3750000
2016-09-04 21:30:58.694000,1.11568,1.11547,1750000,3000000
2016-09-04 21:30:58.935000,1.11568,1.11547,1750000,3750000
2016-09-04 21:31:06.711000,1.11568,1.11547,1750000,3000000
2016-09-04 21:31:06.914000,1.11568,1.11547,1750000,3750000
2016-09-04 21:31:16.643000,1.11568,1.11547,1750000,3000000
2016-09-04 21:31:16.968000,1.11569,1.11547,3000000,3000000
2016-09-04 21:31:17.019000,1.11569,1.11547,1750000,3000000
2016-09-04 21:31:17.070000,1.11569,1.11547,1750000,4120000
2016-09-04 21:31:17.121000,1.11567,1.11547,1000000,2250000
2016-09-04 21:31:17.171000,1.11567,1.11548,1000000,1000000
2016-09-04 21:31:17.222000,1.11567,1.11547,1000000,2250000
2016-09-04 21:31:17.967000,1.11567,1.11548,1000000,1000000
2016-09-04 21:31:18.069000,1.11567,1.11548,1000000,1500000
2016-09-04 21:31:18.730000,1.11567,1.11548,1000000,1000000
2016-09-04 21:31:18.957000,1.11567,1.11548,1000000,1500000
2016-09-04 21:31:56.987000,1.11567,1.11548,1000000,1000000
2016-09-04 21:32:02.901000,1.11567,1.11548,1000000,1500000
2016-09-04 21:32:14.150000,1.11567,1.11548,1000000,1000000
2016-09-04 21:32:14.955000,1.11567,1.11548,1000000,1500000
2016-09-04 21:32:17.531000,1.11570,1.11548,2250000,1500000
2016-09-04 21:32:18.160000,1.11570,1.11548,1750000,1500000
2016-09-04 21:32:30.265000,1.11570,1.11548,2250000,1000000
2016-09-04 21:32:30.857000,1.11570,1.11548,1750000,1000000
2016-09-04 21:32:30.959000,1.11570,1.11547,2250000,1870000
2016-09-04 21:32:32.662000,1.11570,1.11547,1750000,1870000
2016-09-04 21:32:33.664000,1.11570,1.11547,2250000,1870000
2016-09-04 21:32:36.644000,1.11570,1.11547,1750000,1870000
2016-09-04 21:32:37.072000,1.11570,1.11547,2250000,1870000
2016-09-04 21:32:37.553000,1.11567,1.11547,1000000,2250000
2016-09-04 21:33:01.041000,1.11567,1.11547,1000000,1000000
2016-09-04 21:33:02.044000,1.11567,1.11547,1000000,2250000
2016-09-04 21:33:17.504000,1.11570,1.11547,2250000,1870000
2016-09-04 21:33:18.704000,1.11570,1.11547,1750000,1870000
2016-09-04 21:33:21.708000,1.11570,1.11547,2250000,1870000
2016-09-04 21:33:26.689000,1.11570,1.11547,1750000,1870000
2016-09-04 21:33:26.915000,1.11570,1.11547,2250000,1870000
2016-09-04 21:33:36.603000,1.11570,1.11547,1750000,1870000
2016-09-04 21:33:37.044000,1.11570,1.11547,2250000,1870000
2016-09-04 21:33:37.528000,1.11567,1.11547,1000000,2250000
2016-09-04 21:34:57.573000,1.11569,1.11547,1850000,1870000
2016-09-04 21:35:01.516000,1.11570,1.11546,2620000,1500000
2016-09-04 21:35:10.611000,1.11570,1.11545,2620000,3750000
2016-09-04 21:35:17.006000,1.11570,1.11545,2620000,3000000
2016-09-04 21:35:17.514000,1.11567,1.11547,1000000,1000000
2016-09-04 21:36:10.334000,1.11568,1.11545,1750000,3000000
2016-09-04 21:36:10.436000,1.11566,1.11546,1000000,1000000
2016-09-04 21:36:13.133000,1.11570,1.11546,3370000,1500000
2016-09-04 21:36:13.235000,1.11570,1.11546,3370000,1750000
2016-09-04 21:36:17.475000,1.11570,1.11547,3370000,1000000
2016-09-04 21:36:17.526000,1.11567,1.11547,1000000,1000000
2016-09-04 21:36:35.250000,1.11567,1.11547,1150000,1000000
2016-09-04 21:36:37.472000,1.11568,1.11546,1040000,1750000
2016-09-04 21:36:37.525000,1.11568,1.11548,1340000,1000000
2016-09-04 21:36:38.957000,1.11568,1.11548,1200000,1000000
2016-09-04 21:37:17.513000,1.11569,1.11546,1420000,1750000
2016-09-04 21:37:37.472000,1.11568,1.11548,1200000,1000000
2016-09-04 21:37:37.522000,1.11569,1.11546,1420000,1750000
2016-09-04 21:37:38.923000,1.11570,1.11546,1870000,1750000
2016-09-04 21:37:39.874000,1.11570,1.11546,1120000,1750000
2016-09-04 21:37:40.175000,1.11570,1.11546,1870000,1750000
2016-09-04 21:37:41.519000,1.11570,1.11545,1870000,5250000
2016-09-04 21:37:41.570000,1.11569,1.11545,1570000,4500000
2016-09-04 21:37:41.620000,1.11569,1.11545,2320000,3000000
2016-09-04 21:37:41.722000,1.11569,1.11545,2320000,3750000
2016-09-04 21:37:41.928000,1.11569,1.11545,2320000,3000000
2016-09-04 21:37:42.178000,1.11569,1.11545,2320000,1750000
2016-09-04 21:37:42.228000,1.11569,1.11545,2320000,2250000
2016-09-04 21:37:42.378000,1.11569,1.11545,2320000,3750000
2016-09-04 21:37:42.435000,1.11569,1.11545,2320000,3000000
2016-09-04 21:37:42.732000,1.11569,1.11545,2320000,3750000
2016-09-04 21:37:42.879000,1.11569,1.11545,2320000,2250000
2016-09-04 21:37:42.929000,1.11569,1.11545,2320000,1750000
2016-09-04 21:37:43.179000,1.11569,1.11545,2320000,3000000
2016-09-04 21:37:43.230000,1.11569,1.11545,2320000,3750000
2016-09-04 21:37:43.430000,1.11569,1.11545,2320000,3000000
2016-09-04 21:37:43.699000,1.11569,1.11545,2320000,3750000
2016-09-04 21:37:43.930000,1.11569,1.11545,2320000,3000000
2016-09-04 21:37:44.231000,1.11569,1.11545,2320000,3750000
2016-09-04 21:37:44.465000,1.11569,1.11545,2320000,3000000
2016-09-04 21:37:44.740000,1.11569,1.11545,1570000,2250000
2016-09-04 21:37:44.882000,1.11569,1.11544,1570000,4500000
2016-09-04 21:37:44.933000,1.11569,1.11545,2320000,1750000
2016-09-04 21:37:45.182000,1.11569,1.11545,2320000,3000000
2016-09-04 21:37:45.233000,1.11569,1.11545,2320000,3750000
2016-09-04 21:37:45.433000,1.11569,1.11545,2320000,3000000
2016-09-04 21:37:45.534000,1.11569,1.11545,1570000,2250000
2016-09-04 21:37:45.700000,1.11569,1.11545,2320000,3750000
2016-09-04 21:37:45.933000,1.11569,1.11545,2320000,3000000
2016-09-04 21:37:46.150000,1.11569,1.11545,2320000,3750000
2016-09-04 21:37:46.434000,1.11569,1.11545,2320000,3000000
2016-09-04 21:37:46.735000,1.11569,1.11545,1570000,2250000
2016-09-04 21:37:46.935000,1.11569,1.11545,2320000,3000000
2016-09-04 21:37:49.959000,1.11569,1.11545,1570000,2250000
2016-09-04 21:37:50.241000,1.11569,1.11545,2320000,3000000
2016-09-04 21:37:51.243000,1.11569,1.11545,1570000,2250000
2016-09-04 21:37:51.743000,1.11569,1.11545,2320000,3000000
2016-09-04 21:37:53.747000,1.11569,1.11545,1570000,2250000
2016-09-04 21:37:53.933000,1.11569,1.11545,2320000,3000000
2016-09-04 21:37:54.248000,1.11569,1.11545,1570000,2250000
2016-09-04 21:37:54.468000,1.11569,1.11545,2320000,3000000
2016-09-04 21:37:57.055000,1.11569,1.11545,1570000,2250000
2016-09-04 21:37:57.432000,1.11569,1.11545,2320000,3000000
2016-09-04 21:37:57.534000,1.11568,1.11548,1000000,1000000
2016-09-04 21:38:37.492000,1.11570,1.11545,1870000,5250000
2016-09-04 21:38:38.444000,1.11570,1.11545,1120000,3000000
2016-09-04 21:38:38.745000,1.11570,1.11545,1870000,5250000
2016-09-04 21:38:38.796000,1.11569,1.11545,1570000,5250000
2016-09-04 21:38:38.897000,1.11555,1.11545,100000,3750000
2016-09-04 21:38:38.956000,1.11555,1.11545,170000,3000000
2016-09-04 21:38:39.225000,1.11555,1.11545,170000,3750000
2016-09-04 21:38:41.954000,1.11556,1.11545,170000,2250000
2016-09-04 21:38:42.445000,1.11555,1.11545,170000,3750000
2016-09-04 21:38:43.136000,1.11556,1.11545,170000,2250000
2016-09-04 21:38:43.406000,1.11555,1.11545,170000,3750000
2016-09-04 21:38:43.907000,1.11556,1.11545,170000,2250000
2016-09-04 21:38:44.127000,1.11555,1.11545,170000,3750000
2016-09-04 21:38:47.715000,1.11556,1.11545,170000,2250000
2016-09-04 21:38:47.930000,1.11555,1.11545,170000,3750000
2016-09-04 21:38:48.951000,1.11555,1.11545,170000,3000000
2016-09-04 21:38:49.066000,1.11555,1.11545,170000,3750000
2016-09-04 21:38:49.168000,1.11555,1.11545,170000,3000000
2016-09-04 21:38:49.492000,1.11555,1.11545,170000,2250000
2016-09-04 21:38:49.543000,1.11555,1.11545,170000,3000000
2016-09-04 21:38:49.594000,1.11555,1.11545,170000,5250000
2016-09-04 21:38:49.645000,1.11555,1.11546,170000,1000000
2016-09-04 21:38:50.468000,1.11566,1.11546,1300000,1000000
2016-09-04 21:38:50.720000,1.11555,1.11546,170000,1000000
2016-09-04 21:38:52.128000,1.11566,1.11546,1300000,1000000
2016-09-04 21:38:52.179000,1.11556,1.11546,170000,1000000
2016-09-04 21:38:52.483000,1.11566,1.11546,1300000,1000000
2016-09-04 21:38:52.535000,1.11555,1.11546,170000,1000000
2016-09-04 21:38:52.686000,1.11566,1.11546,1300000,1000000
2016-09-04 21:38:52.875000,1.11555,1.11546,170000,1000000
2016-09-04 21:38:52.977000,1.11566,1.11546,1300000,1000000
2016-09-04 21:38:53.079000,1.11555,1.11546,170000,1000000
2016-09-04 21:38:53.136000,1.11566,1.11546,1300000,1000000
2016-09-04 21:38:53.237000,1.11555,1.11546,170000,1000000
2016-09-04 21:38:53.450000,1.11566,1.11546,1300000,1000000
2016-09-04 21:38:53.552000,1.11555,1.11546,170000,1000000
2016-09-04 21:38:54.477000,1.11566,1.11546,1300000,1000000
2016-09-04 21:38:54.537000,1.11555,1.11546,170000,1000000
2016-09-04 21:38:54.978000,1.11566,1.11546,1300000,1000000
2016-09-04 21:38:55.137000,1.11555,1.11546,170000,1000000
2016-09-04 21:38:55.378000,1.11566,1.11546,1300000,1000000
2016-09-04 21:38:55.638000,1.11555,1.11546,170000,1000000
2016-09-04 21:38:55.980000,1.11566,1.11546,1300000,1000000
2016-09-04 21:38:56.081000,1.11555,1.11546,170000,1000000
2016-09-04 21:38:56.539000,1.11566,1.11546,1300000,1000000
2016-09-04 21:38:56.983000,1.11555,1.11546,170000,1000000
2016-09-04 21:38:57.738000,1.11556,1.11546,170000,1000000
2016-09-04 21:38:58.242000,1.11555,1.11546,170000,1000000
2016-09-04 21:38:59.035000,1.11556,1.11546,170000,1000000
2016-09-04 21:38:59.623000,1.11555,1.11546,170000,1000000
2016-09-04 21:39:00.177000,1.11556,1.11546,170000,1000000
2016-09-04 21:39:00.691000,1.11555,1.11546,170000,1000000
2016-09-04 21:39:01.781000,1.11566,1.11546,1720000,1000000
2016-09-04 21:39:01.985000,1.11566,1.11546,1270000,1000000
2016-09-04 21:39:02.445000,1.11566,1.11546,1720000,1000000
2016-09-04 21:39:02.793000,1.11555,1.11546,170000,1000000
2016-09-04 21:39:06.070000,1.11556,1.11546,170000,1000000
2016-09-04 21:39:06.600000,1.11555,1.11546,170000,1000000
2016-09-04 21:39:09.872000,1.11556,1.11546,170000,1000000
2016-09-04 21:39:10.419000,1.11555,1.11546,170000,1000000
2016-09-04 21:39:17.115000,1.11556,1.11546,170000,1000000
2016-09-04 21:39:17.704000,1.11555,1.11546,170000,1000000
2016-09-04 21:39:18.298000,1.11556,1.11546,170000,1000000
2016-09-04 21:39:18.817000,1.11555,1.11546,170000,1000000
2016-09-04 21:39:19.451000,1.11556,1.11546,170000,1000000
2016-09-04 21:39:19.967000,1.11555,1.11546,170000,1000000
2016-09-04 21:39:21.119000,1.11556,1.11546,170000,1000000
2016-09-04 21:39:21.636000,1.11555,1.11546,170000,1000000
2016-09-04 21:39:22.345000,1.11556,1.11546,170000,1000000
2016-09-04 21:39:22.872000,1.11555,1.11546,170000,1000000
2016-09-04 21:39:25.347000,1.11556,1.11546,170000,1000000
2016-09-04 21:39:25.872000,1.11555,1.11546,170000,1000000
2016-09-04 21:39:32.259000,1.11556,1.11546,170000,1000000
2016-09-04 21:39:32.809000,1.11555,1.11546,170000,1000000
2016-09-04 21:39:34.262000,1.11556,1.11546,170000,1000000
2016-09-04 21:39:34.891000,1.11555,1.11546,170000,1000000
2016-09-04 21:39:35.981000,1.11556,1.11546,170000,1000000
2016-09-04 21:39:36.503000,1.11555,1.11546,170000,1000000
2016-09-04 21:39:38.547000,1.11556,1.11546,170000,1000000
2016-09-04 21:39:39.074000,1.11555,1.11546,170000,1000000
2016-09-04 21:39:39.674000,1.11556,1.11546,170000,1000000
2016-09-04 21:39:40.176000,1.11555,1.11546,170000,1000000
2016-09-04 21:39:40.677000,1.11556,1.11546,170000,1000000
2016-09-04 21:39:41.205000,1.11555,1.11546,170000,1000000
2016-09-04 21:39:44.753000,1.11556,1.11546,170000,1000000
2016-09-04 21:39:45.276000,1.11555,1.11546,170000,1000000
2016-09-04 21:39:48.693000,1.11556,1.11546,170000,1000000
2016-09-04 21:39:49.212000,1.11555,1.11546,170000,1000000
2016-09-04 21:39:52.298000,1.11556,1.11546,170000,1000000
2016-09-04 21:39:52.840000,1.11555,1.11546,170000,1000000
2016-09-04 21:39:53.704000,1.11556,1.11546,170000,1000000
2016-09-04 21:39:54.221000,1.11555,1.11546,170000,1000000
2016-09-04 21:39:57.529000,1.11555,1.11545,170000,3000000
2016-09-04 21:39:57.788000,1.11555,1.11545,170000,3750000
2016-09-04 21:39:58.075000,1.11555,1.11545,170000,3000000
2016-09-04 21:39:58.177000,1.11555,1.11545,170000,4500000
2016-09-04 21:39:58.396000,1.11556,1.11545,170000,3000000
2016-09-04 21:39:58.652000,1.11555,1.11545,170000,2250000
2016-09-04 21:39:58.703000,1.11556,1.11544,170000,4120000
2016-09-04 21:39:58.754000,1.11556,1.11545,170000,1500000
2016-09-04 21:39:58.805000,1.11555,1.11545,170000,3000000
2016-09-04 21:39:59.160000,1.11555,1.11545,170000,3750000
2016-09-04 21:39:59.211000,1.11555,1.11545,170000,4500000
2016-09-04 21:39:59.398000,1.11556,1.11545,170000,3000000
2016-09-04 21:39:59.904000,1.11555,1.11545,170000,3000000
2016-09-04 21:40:00.498000,1.11555,1.11545,170000,3750000
2016-09-04 21:40:00.657000,1.11555,1.11545,170000,2250000
2016-09-04 21:40:00.758000,1.11555,1.11545,170000,3000000
2016-09-04 21:40:00.809000,1.11556,1.11545,170000,1500000
2016-09-04 21:40:01.006000,1.11555,1.11545,170000,4500000
2016-09-04 21:40:01.203000,1.11555,1.11545,170000,3000000
2016-09-04 21:40:02.202000,1.11555,1.11545,170000,3750000
2016-09-04 21:40:02.304000,1.11555,1.11545,170000,3000000
2016-09-04 21:40:02.406000,1.11555,1.11545,170000,4500000
2016-09-04 21:40:02.682000,1.11555,1.11545,170000,3000000
2016-09-04 21:40:04.478000,1.11555,1.11545,170000,3750000
2016-09-04 21:40:04.679000,1.11555,1.11545,170000,3000000
2016-09-04 21:40:04.781000,1.11555,1.11545,170000,3750000
2016-09-04 21:40:05.179000,1.11555,1.11545,170000,3000000
2016-09-04 21:40:06.180000,1.11555,1.11545,170000,3750000
2016-09-04 21:40:06.480000,1.11555,1.11545,170000,3000000
2016-09-04 21:40:06.981000,1.11555,1.11545,170000,3750000
2016-09-04 21:40:07.181000,1.11555,1.11545,170000,3000000
2016-09-04 21:40:07.232000,1.11555,1.11545,170000,2250000
2016-09-04 21:40:07.283000,1.11555,1.11545,170000,3000000
2016-09-04 21:40:07.502000,1.11555,1.11545,170000,3750000
2016-09-04 21:40:07.553000,1.11555,1.11545,170000,4500000
2016-09-04 21:40:07.709000,1.11555,1.11545,170000,3750000
2016-09-04 21:40:07.871000,1.11555,1.11545,170000,3000000
2016-09-04 21:40:08.159000,1.11556,1.11545,170000,1500000
2016-09-04 21:40:08.428000,1.11555,1.11545,170000,3000000
2016-09-04 21:40:08.530000,1.11555,1.11545,170000,3750000
2016-09-04 21:40:08.581000,1.11555,1.11545,170000,4500000
2016-09-04 21:40:08.883000,1.11555,1.11545,170000,3750000
2016-09-04 21:40:08.984000,1.11555,1.11545,170000,2250000
2016-09-04 21:40:09.183000,1.11555,1.11545,170000,3000000
2016-09-04 21:40:09.285000,1.11555,1.11545,170000,2250000
2016-09-04 21:40:10.185000,1.11555,1.11545,170000,3000000
2016-09-04 21:40:10.236000,1.11556,1.11545,170000,1500000
2016-09-04 21:40:10.287000,1.11556,1.11544,170000,3000000
2016-09-04 21:40:10.535000,1.11555,1.11545,170000,2250000
2016-09-04 21:40:10.586000,1.11555,1.11545,170000,3000000
2016-09-04 21:40:10.915000,1.11555,1.11545,170000,3750000
2016-09-04 21:40:11.016000,1.11555,1.11545,170000,3000000
2016-09-04 21:40:12.102000,1.11555,1.11545,170000,3750000
2016-09-04 21:40:12.204000,1.11555,1.11545,170000,3000000
2016-09-04 21:40:13.441000,1.11555,1.11545,170000,4500000
2016-09-04 21:40:13.767000,1.11555,1.11545,170000,3750000
2016-09-04 21:40:13.989000,1.11555,1.11545,170000,3000000
2016-09-04 21:40:14.268000,1.11556,1.11545,170000,1500000
2016-09-04 21:40:14.440000,1.11555,1.11545,170000,3000000
2016-09-04 21:40:14.491000,1.11555,1.11545,170000,2250000
2016-09-04 21:40:14.768000,1.11555,1.11545,170000,3000000
2016-09-04 21:40:14.870000,1.11555,1.11545,170000,2250000
2016-09-04 21:40:14.972000,1.11556,1.11545,170000,1500000
2016-09-04 21:40:15.169000,1.11555,1.11545,170000,3000000
2016-09-04 21:40:15.592000,1.11555,1.11545,170000,2250000
2016-09-04 21:40:15.769000,1.11555,1.11545,170000,3000000
2016-09-04 21:40:15.991000,1.11555,1.11545,170000,3750000
2016-09-04 21:40:16.042000,1.11556,1.11545,170000,2250000
2016-09-04 21:40:16.093000,1.11556,1.11545,170000,3000000
2016-09-04 21:40:16.271000,1.11555,1.11545,170000,3750000
2016-09-04 21:40:16.322000,1.11555,1.11545,170000,3000000
2016-09-04 21:40:16.651000,1.11555,1.11545,170000,2250000
2016-09-04 21:40:16.770000,1.11555,1.11545,170000,3000000
2016-09-04 21:40:17.075000,1.11555,1.11545,170000,2250000
2016-09-04 21:40:17.271000,1.11555,1.11545,170000,3000000
2016-09-04 21:40:17.423000,1.11555,1.11545,170000,3750000
2016-09-04 21:40:17.474000,1.11555,1.11545,170000,4500000
2016-09-04 21:40:17.525000,1.11555,1.11546,170000,1000000
2016-09-04 21:40:19.102000,1.11556,1.11546,170000,1000000
2016-09-04 21:40:19.624000,1.11555,1.11546,170000,1000000
2016-09-04 21:40:20.425000,1.11556,1.11546,170000,1000000
2016-09-04 21:40:20.943000,1.11555,1.11546,170000,1000000
2016-09-04 21:40:22.732000,1.11556,1.11546,170000,1000000
2016-09-04 21:40:23.254000,1.11555,1.11546,170000,1000000
2016-09-04 21:40:30.018000,1.11556,1.11546,170000,1000000
2016-09-04 21:40:30.523000,1.11555,1.11546,170000,1000000
2016-09-04 21:40:34.936000,1.11556,1.11546,170000,1000000
2016-09-04 21:40:35.538000,1.11555,1.11546,170000,1000000
2016-09-04 21:40:39.174000,1.11556,1.11546,170000,1000000
2016-09-04 21:40:39.709000,1.11555,1.11546,170000,1000000
2016-09-04 21:40:41.449000,1.11556,1.11546,170000,1000000
2016-09-04 21:40:41.950000,1.11555,1.11546,170000,1000000
2016-09-04 21:40:42.759000,1.11556,1.11546,170000,1000000
2016-09-04 21:40:43.314000,1.11555,1.11546,170000,1000000
2016-09-04 21:40:44.985000,1.11556,1.11546,170000,1000000
2016-09-04 21:40:45.600000,1.11555,1.11546,170000,1000000
2016-09-04 21:40:47.871000,1.11556,1.11546,170000,1000000
2016-09-04 21:40:48.504000,1.11555,1.11546,170000,1000000
2016-09-04 21:40:50.702000,1.11556,1.11546,170000,1000000
2016-09-04 21:40:51.210000,1.11555,1.11546,170000,1000000
2016-09-04 21:41:01.747000,1.11556,1.11546,170000,1000000
2016-09-04 21:41:02.256000,1.11555,1.11546,170000,1000000
2016-09-04 21:41:05.914000,1.11556,1.11546,170000,1000000
2016-09-04 21:41:06.414000,1.11555,1.11546,170000,1000000
2016-09-04 21:41:12.416000,1.11555,1.11547,170000,1000000
2016-09-04 21:41:19.060000,1.11568,1.11547,1150000,1000000
2016-09-04 21:42:10.854000,1.11568,1.11547,1650000,1000000
2016-09-04 21:42:17.481000,1.11568,1.11546,1200000,1500000
2016-09-04 21:42:17.532000,1.11567,1.11546,1150000,1500000
2016-09-04 21:42:21.491000,1.11567,1.11546,1150000,1000000
2016-09-04 21:42:30.403000,1.11567,1.11546,1520000,1000000
2016-09-04 21:42:37.538000,1.11568,1.11547,1520000,1000000
2016-09-04 21:42:57.489000,1.11569,1.11545,1270000,3000000
2016-09-04 21:43:02.822000,1.11569,1.11545,1270000,2250000
2016-09-04 21:43:11.303000,1.11569,1.11544,1270000,4120000
2016-09-04 21:43:17.493000,1.11568,1.11547,1520000,1000000
2016-09-04 21:43:37.503000,1.11568,1.11547,1000000,750000
2016-09-04 21:44:09.695000,1.11568,1.11547,1000000,1000000
2016-09-04 21:44:34.793000,1.11568,1.11547,1150000,1000000
2016-09-04 21:44:37.512000,1.11570,1.11545,3900000,6000000
2016-09-04 21:44:38.107000,1.11570,1.11545,3900000,5250000
2016-09-04 21:44:38.158000,1.11569,1.11545,1650000,4500000
2016-09-04 21:44:38.209000,1.11567,1.11545,1530000,4500000
2016-09-04 21:44:38.260000,1.11567,1.11545,1530000,2250000
2016-09-04 21:44:38.312000,1.11567,1.11545,1900000,1870000
2016-09-04 21:44:38.413000,1.11564,1.11545,1200000,1500000
2016-09-04 21:44:42.679000,1.11564,1.11545,1200000,1000000
2016-09-04 21:44:42.980000,1.11564,1.11545,1200000,1500000
2016-09-04 21:44:49.949000,1.11564,1.11545,1200000,1000000
2016-09-04 21:44:50.701000,1.11564,1.11544,1200000,6370000
2016-09-04 21:44:50.753000,1.11564,1.11545,1200000,1000000
2016-09-04 21:44:50.902000,1.11564,1.11545,1200000,1500000
2016-09-04 21:44:58.272000,1.11564,1.11545,1200000,1000000
2016-09-04 21:44:58.771000,1.11564,1.11545,1200000,1500000
2016-09-04 21:45:01.480000,1.11564,1.11545,1200000,1000000
2016-09-04 21:45:01.634000,1.11564,1.11544,1200000,5620000
2016-09-04 21:45:02.136000,1.11564,1.11545,1200000,1000000
2016-09-04 21:45:02.187000,1.11564,1.11545,1200000,1500000
2016-09-04 21:45:02.939000,1.11564,1.11545,1200000,1000000
2016-09-04 21:45:06.583000,1.11564,1.11545,1200000,1500000
2016-09-04 21:45:10.603000,1.11564,1.11545,1200000,1000000
2016-09-04 21:45:10.994000,1.11564,1.11545,1200000,1500000
2016-09-04 21:45:14.932000,1.11564,1.11545,1200000,1000000
2016-09-04 21:45:15.775000,1.11564,1.11545,1200000,1500000
2016-09-04 21:45:22.116000,1.11564,1.11545,1200000,1000000
2016-09-04 21:45:22.618000,1.11564,1.11545,1200000,1500000
2016-09-04 21:45:29.741000,1.11564,1.11545,1200000,1000000
2016-09-04 21:45:30.968000,1.11564,1.11545,1200000,1500000
2016-09-04 21:45:31.019000,1.11564,1.11545,1200000,1000000
2016-09-04 21:45:31.192000,1.11564,1.11545,1200000,1500000
2016-09-04 21:45:37.551000,1.11567,1.11545,1900000,1500000
2016-09-04 21:45:38.288000,1.11569,1.11545,3750000,1500000
2016-09-04 21:45:39.013000,1.11569,1.11545,3750000,1000000
2016-09-04 21:45:39.115000,1.11569,1.11545,3750000,1500000
2016-09-04 21:45:40.659000,1.11569,1.11545,3000000,1000000
2016-09-04 21:45:41.593000,1.11569,1.11545,3750000,1500000
2016-09-04 21:45:45.151000,1.11569,1.11545,3000000,1500000
2016-09-04 21:45:47.032000,1.11569,1.11545,2250000,1000000
2016-09-04 21:45:47.690000,1.11569,1.11545,3000000,1500000
2016-09-04 21:45:52.757000,1.11569,1.11545,3000000,1000000
2016-09-04 21:45:53.860000,1.11569,1.11545,3000000,1500000
2016-09-04 21:45:54.060000,1.11569,1.11545,3000000,1000000
2016-09-04 21:45:54.650000,1.11569,1.11545,3000000,1500000
2016-09-04 21:45:57.513000,1.11564,1.11545,1000000,1500000
2016-09-04 21:46:01.768000,1.11564,1.11545,1000000,1000000
2016-09-04 21:46:02.931000,1.11564,1.11545,1000000,1500000
2016-09-04 21:46:06.726000,1.11564,1.11545,1000000,1000000
2016-09-04 21:46:06.827000,1.11564,1.11545,1000000,1500000
2016-09-04 21:46:06.946000,1.11564,1.11545,1000000,1000000
2016-09-04 21:46:07.547000,1.11564,1.11545,1000000,1500000
2016-09-04 21:46:07.598000,1.11564,1.11545,1000000,1000000
2016-09-04 21:46:07.727000,1.11564,1.11545,1000000,1500000
2016-09-04 21:46:14.678000,1.11564,1.11545,1000000,1000000
2016-09-04 21:46:14.779000,1.11564,1.11545,1000000,1500000
2016-09-04 21:46:15.753000,1.11564,1.11545,1000000,1000000
2016-09-04 21:46:15.907000,1.11564,1.11545,1000000,1500000
2016-09-04 21:46:18.722000,1.11564,1.11545,1000000,1000000
2016-09-04 21:46:18.919000,1.11564,1.11545,1000000,1500000
2016-09-04 21:46:22.981000,1.11564,1.11545,1000000,1000000
2016-09-04 21:46:24.681000,1.11564,1.11545,1000000,1500000
2016-09-04 21:46:37.524000,1.11569,1.11545,1750000,1500000
2016-09-04 21:46:37.575000,1.11565,1.11545,1000000,1500000
2016-09-04 21:46:41.494000,1.11565,1.11545,1000000,2250000
2016-09-04 21:46:41.545000,1.11565,1.11545,1000000,1500000
2016-09-04 21:46:42.017000,1.11565,1.11545,1000000,2250000
2016-09-04 21:46:42.954000,1.11565,1.11545,1000000,1500000
2016-09-04 21:46:43.752000,1.11565,1.11545,1000000,2250000
2016-09-04 21:46:52.329000,1.11565,1.11545,1150000,2250000
2016-09-04 21:46:57.550000,1.11567,1.11545,1950000,2250000
2016-09-04 21:46:57.601000,1.11564,1.11545,1200000,2250000
2016-09-04 21:46:57.652000,1.11564,1.11545,1200000,1500000
2016-09-04 21:46:57.754000,1.11564,1.11545,1200000,2250000
2016-09-04 21:47:02.660000,1.11564,1.11545,1200000,1500000
2016-09-04 21:47:02.984000,1.11564,1.11545,1200000,2250000
2016-09-04 21:47:07.674000,1.11564,1.11545,1200000,1500000
2016-09-04 21:47:09.100000,1.11564,1.11545,1200000,2250000
2016-09-04 21:47:10.299000,1.11564,1.11545,1200000,1500000
2016-09-04 21:47:11.004000,1.11564,1.11545,1200000,2250000
2016-09-04 21:47:12.709000,1.11564,1.11545,1200000,1500000
2016-09-04 21:47:14.666000,1.11564,1.11545,1200000,1000000
2016-09-04 21:47:14.717000,1.11564,1.11545,1200000,1500000
2016-09-04 21:47:15.014000,1.11564,1.11545,1200000,2250000
2016-09-04 21:47:18.491000,1.11564,1.11545,1200000,1500000
2016-09-04 21:47:18.543000,1.11564,1.11545,1150000,1500000
2016-09-04 21:47:18.696000,1.11563,1.11545,2020000,1500000
2016-09-04 21:47:18.747000,1.11560,1.11545,1000000,3750000
2016-09-04 21:47:18.799000,1.11560,1.11545,1870000,3750000
2016-09-04 21:47:18.854000,1.11559,1.11545,1100000,3750000
2016-09-04 21:47:18.905000,1.11559,1.11545,1000000,3750000
2016-09-04 21:47:18.957000,1.11563,1.11545,1000000,3750000
2016-09-04 21:47:19.785000,1.11563,1.11545,1000000,3000000
2016-09-04 21:47:19.887000,1.11563,1.11545,1000000,3750000
2016-09-04 21:47:31.764000,1.11563,1.11545,1000000,3000000
2016-09-04 21:47:34.772000,1.11563,1.11545,1000000,3750000
2016-09-04 21:47:34.988000,1.11563,1.11545,1000000,3000000
2016-09-04 21:47:35.780000,1.11563,1.11545,1000000,3750000
2016-09-04 21:47:36.831000,1.11563,1.11545,1000000,3000000
2016-09-04 21:47:38.736000,1.11563,1.11545,1000000,3750000
2016-09-04 21:47:40.657000,1.11563,1.11545,1000000,3000000
2016-09-04 21:47:40.881000,1.11563,1.11545,1000000,3750000
2016-09-04 21:47:40.943000,1.11563,1.11545,1000000,3000000
2016-09-04 21:47:41.142000,1.11563,1.11545,1000000,3750000
2016-09-04 21:47:44.372000,1.11563,1.11545,1150000,3750000
2016-09-04 21:47:44.855000,1.11563,1.11545,1150000,3000000
2016-09-04 21:47:45.401000,1.11563,1.11545,1150000,3750000
2016-09-04 21:47:51.010000,1.11563,1.11545,1150000,3000000
2016-09-04 21:47:52.713000,1.11563,1.11545,1150000,3750000
2016-09-04 21:47:57.123000,1.11563,1.11545,1150000,3000000
2016-09-04 21:47:57.453000,1.11563,1.11545,1150000,2250000
2016-09-04 21:47:57.504000,1.11563,1.11545,1150000,3000000
2016-09-04 21:47:57.723000,1.11563,1.11545,1150000,3750000
2016-09-04 21:48:01.930000,1.11563,1.11545,1150000,3000000
2016-09-04 21:48:02.732000,1.11563,1.11545,1150000,3750000
2016-09-04 21:48:06.738000,1.11563,1.11545,1150000,3000000
2016-09-04 21:48:06.859000,1.11563,1.11545,1150000,3750000
2016-09-04 21:48:17.456000,1.11564,1.11545,2550000,3000000
2016-09-04 21:48:18.266000,1.11564,1.11545,2550000,3750000
2016-09-04 21:48:19.138000,1.11564,1.11545,2400000,3750000
2016-09-04 21:48:29.381000,1.11564,1.11545,1650000,3000000
2016-09-04 21:48:30.214000,1.11564,1.11545,2400000,3750000
2016-09-04 21:48:30.984000,1.11564,1.11545,1650000,3000000
2016-09-04 21:48:31.725000,1.11564,1.11545,2400000,3750000
2016-09-04 21:48:34.720000,1.11564,1.11545,1650000,2250000
2016-09-04 21:48:34.995000,1.11564,1.11545,1650000,3000000
2016-09-04 21:48:35.709000,1.11564,1.11545,2400000,3750000
2016-09-04 21:48:37.418000,1.11564,1.11545,2550000,3750000
2016-09-04 21:48:37.637000,1.11564,1.11545,2550000,3000000
2016-09-04 21:48:38.717000,1.11564,1.11545,2550000,3750000
2016-09-04 21:48:39.320000,1.11564,1.11545,1800000,3000000
2016-09-04 21:48:39.855000,1.11564,1.11545,2550000,3750000
2016-09-04 21:48:44.572000,1.11564,1.11545,1800000,1500000
2016-09-04 21:48:45.749000,1.11564,1.11545,1800000,1000000
2016-09-04 21:48:46.933000,1.11564,1.11545,1800000,1500000
2016-09-04 21:48:48.193000,1.11564,1.11545,1800000,3750000
2016-09-04 21:48:48.294000,1.11564,1.11545,1350000,3750000
2016-09-04 21:48:53.778000,1.11564,1.11545,1350000,3000000
2016-09-04 21:48:54.938000,1.11564,1.11545,1350000,3750000
2016-09-04 21:48:57.134000,1.11564,1.11545,1350000,3000000
2016-09-04 21:48:57.961000,1.11564,1.11545,1350000,3750000
2016-09-04 21:48:59.551000,1.11564,1.11545,1350000,3000000
2016-09-04 21:49:00.253000,1.11564,1.11545,1350000,3750000
2016-09-04 21:49:10.966000,1.11564,1.11545,1350000,3000000
2016-09-04 21:49:11.017000,1.11564,1.11545,1350000,2250000
2016-09-04 21:49:11.657000,1.11564,1.11545,1350000,3000000
2016-09-04 21:49:11.709000,1.11564,1.11545,1350000,3750000
2016-09-04 21:49:14.736000,1.11564,1.11545,1350000,3000000
2016-09-04 21:49:15.029000,1.11564,1.11545,1350000,3750000
2016-09-04 21:49:30.342000,1.11564,1.11545,1350000,3000000
2016-09-04 21:49:30.545000,1.11564,1.11545,1350000,3750000
2016-09-04 21:49:30.944000,1.11564,1.11545,1350000,3000000
2016-09-04 21:49:31.148000,1.11564,1.11545,1350000,3750000
2016-09-04 21:49:34.559000,1.11564,1.11545,1350000,3000000
2016-09-04 21:49:34.661000,1.11564,1.11545,1350000,3750000
2016-09-04 21:49:35.093000,1.11564,1.11545,1350000,3000000
2016-09-04 21:49:35.194000,1.11564,1.11545,1350000,3750000
2016-09-04 21:49:36.146000,1.11564,1.11545,1350000,3000000
2016-09-04 21:49:36.311000,1.11564,1.11545,1350000,3750000
2016-09-04 21:49:37.205000,1.11564,1.11545,1350000,3000000
2016-09-04 21:49:37.370000,1.11564,1.11545,1350000,3750000
2016-09-04 21:49:37.421000,1.11564,1.11545,1150000,3750000
2016-09-04 21:49:37.472000,1.11565,1.11545,4720000,3750000
2016-09-04 21:49:37.675000,1.11565,1.11545,3220000,3000000
2016-09-04 21:49:37.776000,1.11565,1.11545,4720000,3750000
2016-09-04 21:49:38.776000,1.11565,1.11545,3220000,3000000
2016-09-04 21:49:38.975000,1.11565,1.11545,4720000,3750000
2016-09-04 21:49:39.128000,1.11565,1.11545,3970000,3000000
2016-09-04 21:49:39.322000,1.11565,1.11545,4720000,3750000
2016-09-04 21:49:41.388000,1.11565,1.11545,3220000,3000000
2016-09-04 21:49:41.632000,1.11565,1.11545,4720000,3750000
2016-09-04 21:49:42.738000,1.11565,1.11545,3970000,3000000
2016-09-04 21:49:42.953000,1.11565,1.11545,4720000,3750000
2016-09-04 21:49:48.354000,1.11565,1.11545,3220000,1500000
2016-09-04 21:49:57.486000,1.11564,1.11545,1150000,1500000
2016-09-04 21:49:59.028000,1.11564,1.11545,1150000,1000000
2016-09-04 21:50:01.190000,1.11564,1.11545,1150000,1500000
2016-09-04 21:50:03.752000,1.11564,1.11545,1150000,1000000
2016-09-04 21:50:04.371000,1.11564,1.11545,1150000,1500000
2016-09-04 21:50:09.351000,1.11564,1.11545,1150000,1000000
2016-09-04 21:50:10.171000,1.11564,1.11545,1150000,1500000
2016-09-04 21:50:11.662000,1.11564,1.11545,1150000,1000000
2016-09-04 21:50:13.266000,1.11564,1.11545,1150000,1500000
2016-09-04 21:50:17.346000,1.11564,1.11545,1350000,1500000
2016-09-04 21:50:17.561000,1.11565,1.11545,3300000,1500000
2016-09-04 21:50:18.778000,1.11565,1.11545,2550000,1000000
2016-09-04 21:50:18.949000,1.11565,1.11545,3300000,1500000
2016-09-04 21:50:20.705000,1.11565,1.11545,1800000,1000000
2016-09-04 21:50:21.205000,1.11565,1.11545,3300000,1500000
2016-09-04 21:50:23.258000,1.11565,1.11545,2550000,1000000
2016-09-04 21:50:24.662000,1.11565,1.11545,3300000,1500000
2016-09-04 21:50:36.999000,1.11565,1.11545,2550000,1000000
2016-09-04 21:50:37.102000,1.11565,1.11545,3300000,1500000
2016-09-04 21:50:37.329000,1.11565,1.11545,3300000,2250000
2016-09-04 21:50:37.585000,1.11564,1.11545,1350000,2250000
2016-09-04 21:50:38.952000,1.11564,1.11545,1350000,1500000
2016-09-04 21:50:41.257000,1.11564,1.11545,1350000,2250000
2016-09-04 21:50:50.169000,1.11564,1.11545,1350000,1500000
2016-09-04 21:50:50.662000,1.11564,1.11545,1350000,2250000
2016-09-04 21:50:50.920000,1.11564,1.11545,1350000,1500000
2016-09-04 21:50:50.971000,1.11564,1.11545,1350000,1000000
2016-09-04 21:50:51.247000,1.11564,1.11545,1350000,3000000
2016-09-04 21:50:51.298000,1.11564,1.11545,1350000,3750000
2016-09-04 21:50:53.536000,1.11564,1.11545,1350000,3000000
2016-09-04 21:50:53.873000,1.11564,1.11545,1350000,3750000
2016-09-04 21:50:54.326000,1.11564,1.11545,1350000,3000000
2016-09-04 21:50:54.727000,1.11564,1.11545,1350000,3750000
2016-09-04 21:50:55.083000,1.11564,1.11545,1350000,3000000
2016-09-04 21:50:55.309000,1.11564,1.11545,1350000,3750000
2016-09-04 21:50:55.360000,1.11564,1.11545,1350000,3000000
2016-09-04 21:50:55.529000,1.11564,1.11545,1350000,3750000
2016-09-04 21:50:55.731000,1.11564,1.11545,1350000,3000000
2016-09-04 21:50:55.833000,1.11564,1.11545,1350000,3750000
2016-09-04 21:50:57.139000,1.11564,1.11546,1350000,1000000
2016-09-04 21:51:00.843000,1.11564,1.11545,1350000,4500000
2016-09-04 21:51:01.289000,1.11564,1.11546,1350000,1000000
2016-09-04 21:51:06.967000,1.11564,1.11545,1350000,4500000
2016-09-04 21:51:07.364000,1.11564,1.11546,1350000,1000000
2016-09-04 21:51:07.653000,1.11564,1.11545,1350000,4500000
2016-09-04 21:51:08.070000,1.11564,1.11546,1350000,1000000
2016-09-04 21:51:08.304000,1.11564,1.11545,1350000,4500000
2016-09-04 21:51:08.355000,1.11564,1.11546,1350000,1000000
2016-09-04 21:51:09.059000,1.11564,1.11545,1350000,4500000
2016-09-04 21:51:09.371000,1.11564,1.11546,1350000,1000000
2016-09-04 21:51:10.908000,1.11564,1.11545,1350000,4500000
2016-09-04 21:51:10.959000,1.11564,1.11546,1350000,1000000
2016-09-04 21:51:15.419000,1.11564,1.11545,1350000,4500000
2016-09-04 21:51:15.714000,1.11564,1.11546,1350000,1000000
2016-09-04 21:51:17.175000,1.11564,1.11545,1350000,4500000
2016-09-04 21:51:17.697000,1.11564,1.11546,1350000,1000000
2016-09-04 21:51:18.224000,1.11564,1.11545,1350000,4500000
2016-09-04 21:51:18.424000,1.11564,1.11546,1350000,1000000
2016-09-04 21:51:18.700000,1.11564,1.11545,1350000,4500000
2016-09-04 21:51:18.900000,1.11564,1.11546,1350000,1000000
2016-09-04 21:51:20.205000,1.11564,1.11545,1350000,4500000
2016-09-04 21:51:20.406000,1.11564,1.11546,1350000,1000000
2016-09-04 21:51:21.207000,1.11564,1.11545,1350000,4500000
2016-09-04 21:51:21.357000,1.11564,1.11545,1350000,3750000
2016-09-04 21:51:21.408000,1.11564,1.11546,1350000,1000000
2016-09-04 21:51:22.711000,1.11564,1.11545,1350000,4500000
2016-09-04 21:51:23.015000,1.11564,1.11546,1350000,1000000
2016-09-04 21:51:23.513000,1.11564,1.11545,1350000,4500000
2016-09-04 21:51:23.714000,1.11564,1.11546,1350000,1000000
2016-09-04 21:51:25.018000,1.11564,1.11545,1350000,4500000
2016-09-04 21:51:25.218000,1.11564,1.11546,1350000,1000000
2016-09-04 21:51:26.522000,1.11564,1.11545,1350000,4500000
2016-09-04 21:51:26.724000,1.11564,1.11546,1350000,1000000
2016-09-04 21:51:27.727000,1.11564,1.11545,1350000,4500000
2016-09-04 21:51:28.225000,1.11564,1.11546,1350000,1000000
2016-09-04 21:51:29.733000,1.11564,1.11545,1350000,4500000
2016-09-04 21:51:29.900000,1.11564,1.11546,1350000,1000000
2016-09-04 21:51:30.740000,1.11564,1.11545,1350000,3750000
2016-09-04 21:51:31.239000,1.11564,1.11546,1350000,1000000
2016-09-04 21:51:33.451000,1.11564,1.11545,1350000,3750000
2016-09-04 21:51:33.752000,1.11564,1.11546,1350000,1000000
2016-09-04 21:51:35.542000,1.11564,1.11545,1350000,3750000
2016-09-04 21:51:35.756000,1.11564,1.11546,1350000,1000000
2016-09-04 21:51:35.857000,1.11564,1.11545,1350000,3750000
2016-09-04 21:51:36.056000,1.11564,1.11546,1350000,1000000
2016-09-04 21:51:37.562000,1.11565,1.11546,4870000,1000000
2016-09-04 21:51:38.961000,1.11565,1.11546,3370000,1000000
2016-09-04 21:51:39.063000,1.11565,1.11546,4870000,1000000
2016-09-04 21:51:39.762000,1.11565,1.11545,4120000,3750000
2016-09-04 21:51:40.259000,1.11565,1.11546,3370000,1000000
2016-09-04 21:51:40.553000,1.11565,1.11545,4120000,3750000
2016-09-04 21:51:40.751000,1.11565,1.11546,4870000,1000000
2016-09-04 21:51:41.065000,1.11565,1.11546,3370000,1000000
2016-09-04 21:51:41.239000,1.11565,1.11546,4870000,1000000
2016-09-04 21:51:42.067000,1.11565,1.11546,3370000,1000000
2016-09-04 21:51:42.266000,1.11565,1.11546,4870000,1000000
2016-09-04 21:51:42.967000,1.11565,1.11545,4120000,3750000
2016-09-04 21:51:43.069000,1.11565,1.11546,4870000,1000000
2016-09-04 21:51:45.562000,1.11565,1.11545,4120000,3750000
2016-09-04 21:51:45.771000,1.11565,1.11546,4870000,1000000
2016-09-04 21:51:46.473000,1.11564,1.11546,1420000,1000000
2016-09-04 21:51:47.359000,1.11565,1.11545,3370000,3000000
2016-09-04 21:51:47.577000,1.11564,1.11546,1420000,1000000
2016-09-04 21:51:51.581000,1.11565,1.11545,4870000,3750000
2016-09-04 21:51:51.881000,1.11564,1.11546,1420000,1000000
2016-09-04 21:51:57.091000,1.11565,1.11545,4870000,3750000
2016-09-04 21:51:57.193000,1.11564,1.11546,1270000,1000000
2016-09-04 21:51:57.492000,1.11564,1.11546,1650000,1000000
2016-09-04 21:51:57.792000,1.11564,1.11545,1150000,1500000
2016-09-04 21:51:57.997000,1.11564,1.11546,1650000,1000000
2016-09-04 21:52:01.181000,1.11564,1.11545,1150000,1500000
2016-09-04 21:52:01.232000,1.11564,1.11545,1150000,2250000
2016-09-04 21:52:01.399000,1.11564,1.11546,1650000,1000000
2016-09-04 21:52:02.235000,1.11564,1.11545,1150000,1500000
2016-09-04 21:52:02.408000,1.11564,1.11546,1650000,1000000
2016-09-04 21:52:02.578000,1.11564,1.11545,1150000,2250000
2016-09-04 21:52:02.680000,1.11564,1.11546,1650000,1000000
2016-09-04 21:52:02.896000,1.11564,1.11545,1150000,2250000
2016-09-04 21:52:03.009000,1.11564,1.11546,1650000,1000000
2016-09-04 21:52:06.399000,1.11564,1.11545,1150000,1500000
2016-09-04 21:52:06.599000,1.11564,1.11546,1650000,1000000
2016-09-04 21:52:11.699000,1.11564,1.11545,1150000,2250000
2016-09-04 21:52:11.902000,1.11564,1.11546,1650000,1000000
2016-09-04 21:52:12.730000,1.11564,1.11545,1150000,2250000
2016-09-04 21:52:12.921000,1.11564,1.11546,1650000,1000000
2016-09-04 21:52:14.734000,1.11564,1.11545,1150000,1500000
2016-09-04 21:52:14.934000,1.11564,1.11546,1650000,1000000
2016-09-04 21:52:19.195000,1.11564,1.11545,1150000,2250000
2016-09-04 21:52:19.438000,1.11564,1.11546,1650000,1000000
2016-09-04 21:52:20.745000,1.11564,1.11545,1150000,2250000
2016-09-04 21:52:20.946000,1.11564,1.11546,1650000,1000000
2016-09-04 21:52:21.132000,1.11564,1.11545,1150000,2250000
2016-09-04 21:52:21.428000,1.11564,1.11546,1650000,1000000
2016-09-04 21:52:27.455000,1.11564,1.11545,1150000,2250000
2016-09-04 21:52:27.735000,1.11564,1.11546,1650000,1000000
2016-09-04 21:52:27.925000,1.11564,1.11545,1150000,2250000
2016-09-04 21:52:28.224000,1.11564,1.11546,1650000,1000000
2016-09-04 21:52:30.756000,1.11564,1.11545,1150000,2250000
2016-09-04 21:52:30.984000,1.11564,1.11546,1650000,1000000
2016-09-04 21:52:37.053000,1.11564,1.11545,1150000,2250000
2016-09-04 21:52:37.251000,1.11564,1.11546,1650000,1000000
2016-09-04 21:52:38.053000,1.11564,1.11545,1150000,2250000
2016-09-04 21:52:38.248000,1.11564,1.11546,1650000,1000000
2016-09-04 21:52:38.757000,1.11564,1.11545,1150000,2250000
2016-09-04 21:52:38.958000,1.11564,1.11546,1650000,1000000
2016-09-04 21:52:39.558000,1.11564,1.11545,1150000,2250000
2016-09-04 21:52:39.759000,1.11564,1.11546,1650000,1000000
2016-09-04 21:52:40.265000,1.11564,1.11545,1150000,2250000
2016-09-04 21:52:40.558000,1.11564,1.11546,1650000,1000000
2016-09-04 21:52:41.284000,1.11564,1.11545,1150000,2250000
2016-09-04 21:52:41.452000,1.11564,1.11546,1650000,1000000
2016-09-04 21:52:43.956000,1.11564,1.11545,1150000,2250000
2016-09-04 21:52:44.272000,1.11564,1.11546,1650000,1000000
2016-09-04 21:52:44.458000,1.11564,1.11545,1150000,2250000
2016-09-04 21:52:44.659000,1.11564,1.11546,1650000,1000000
2016-09-04 21:52:48.287000,1.11564,1.11545,1150000,2250000
2016-09-04 21:52:48.482000,1.11564,1.11546,1650000,1000000
2016-09-04 21:52:49.023000,1.11564,1.11545,1150000,2250000
2016-09-04 21:52:49.290000,1.11564,1.11546,1650000,1000000
2016-09-04 21:52:49.792000,1.11564,1.11545,1150000,2250000
2016-09-04 21:52:49.874000,1.11564,1.11546,1650000,1000000
2016-09-04 21:52:55,1.11564,1.11545,1150000,2250000
2016-09-04 21:52:55.302000,1.11564,1.11546,1650000,1000000
2016-09-04 21:52:56.454000,1.11564,1.11546,2400000,1000000
2016-09-04 21:52:56.505000,1.11564,1.11545,1650000,3750000
2016-09-04 21:52:56.824000,1.11564,1.11546,2400000,1000000
2016-09-04 21:52:57.305000,1.11564,1.11545,1650000,3750000
2016-09-04 21:52:57.423000,1.11564,1.11546,2400000,1000000
2016-09-04 21:52:57.639000,1.11564,1.11546,1650000,1000000
2016-09-04 21:52:58.134000,1.11564,1.11545,1150000,3750000
2016-09-04 21:52:58.307000,1.11564,1.11546,1650000,1000000
2016-09-04 21:52:58.807000,1.11564,1.11545,1150000,3750000
2016-09-04 21:52:58.909000,1.11564,1.11546,1650000,1000000
2016-09-04 21:53:02.809000,1.11564,1.11545,1150000,3750000
2016-09-04 21:53:02.914000,1.11564,1.11546,1650000,1000000
2016-09-04 21:53:05.619000,1.11564,1.11545,1150000,3750000
2016-09-04 21:53:05.814000,1.11564,1.11546,1650000,1000000
2016-09-04 21:53:06.650000,1.11564,1.11545,1150000,3750000
2016-09-04 21:53:06.824000,1.11564,1.11546,1650000,1000000
2016-09-04 21:53:07.327000,1.11564,1.11545,1150000,3750000
2016-09-04 21:53:07.659000,1.11564,1.11546,1650000,1000000
2016-09-04 21:53:10.333000,1.11564,1.11545,1150000,3750000
2016-09-04 21:53:10.628000,1.11564,1.11545,1150000,3000000
2016-09-04 21:53:10.807000,1.11564,1.11545,1150000,3750000
2016-09-04 21:53:10.859000,1.11564,1.11546,1650000,1000000
2016-09-04 21:53:12.868000,1.11564,1.11545,1150000,3750000
2016-09-04 21:53:13.132000,1.11564,1.11546,1650000,1000000
2016-09-04 21:53:13.762000,1.11564,1.11545,1150000,3750000
2016-09-04 21:53:13.870000,1.11564,1.11546,1650000,1000000
2016-09-04 21:53:14.842000,1.11564,1.11545,1150000,3750000
2016-09-04 21:53:14.945000,1.11564,1.11546,1650000,1000000
2016-09-04 21:53:16.180000,1.11564,1.11545,1150000,3750000
2016-09-04 21:53:16.438000,1.11564,1.11546,1650000,1000000
2016-09-04 21:53:19.657000,1.11564,1.11545,1150000,3750000
2016-09-04 21:53:19.758000,1.11564,1.11546,1650000,1000000
2016-09-04 21:53:21.452000,1.11564,1.11545,1150000,3750000
2016-09-04 21:53:21.647000,1.11564,1.11546,1650000,1000000
2016-09-04 21:53:22.855000,1.11564,1.11545,1150000,3750000
2016-09-04 21:53:22.957000,1.11564,1.11546,1650000,1000000
2016-09-04 21:53:23.175000,1.11564,1.11545,1150000,3750000
2016-09-04 21:53:23.459000,1.11564,1.11546,1650000,1000000
2016-09-04 21:53:25.154000,1.11564,1.11545,1150000,3750000
2016-09-04 21:53:25.355000,1.11564,1.11546,1650000,1000000
2016-09-04 21:53:26.166000,1.11564,1.11545,1150000,3750000
2016-09-04 21:53:26.218000,1.11564,1.11545,1150000,3000000
2016-09-04 21:53:26.357000,1.11564,1.11546,1650000,1000000
2016-09-04 21:53:28.159000,1.11564,1.11545,1150000,3750000
2016-09-04 21:53:28.504000,1.11564,1.11546,1650000,1000000
2016-09-04 21:53:29.963000,1.11564,1.11545,1150000,3750000
2016-09-04 21:53:30.168000,1.11564,1.11546,1650000,1000000
2016-09-04 21:53:33.670000,1.11564,1.11545,1150000,3750000
2016-09-04 21:53:33.969000,1.11564,1.11546,1650000,1000000
2016-09-04 21:53:36.504000,1.11564,1.11545,1150000,3750000
2016-09-04 21:53:36.705000,1.11564,1.11546,1650000,1000000
2016-09-04 21:53:37.507000,1.11564,1.11546,1280000,1000000
2016-09-04 21:53:41.537000,1.11565,1.11545,4730000,3750000
2016-09-04 21:53:41.708000,1.11564,1.11546,1280000,1000000
2016-09-04 21:53:44.994000,1.11565,1.11545,3230000,3000000
2016-09-04 21:53:45.045000,1.11565,1.11545,4730000,3750000
2016-09-04 21:53:45.334000,1.11564,1.11546,1280000,1000000
2016-09-04 21:53:45.694000,1.11565,1.11545,3230000,3000000
2016-09-04 21:53:45.745000,1.11565,1.11545,4730000,3750000
2016-09-04 21:53:45.796000,1.11564,1.11546,1280000,1000000
2016-09-04 21:53:46.797000,1.11565,1.11545,4730000,3750000
2016-09-04 21:53:47.038000,1.11564,1.11546,1280000,1000000
2016-09-04 21:53:48.500000,1.11565,1.11545,4730000,3750000
2016-09-04 21:53:48.752000,1.11565,1.11545,3230000,3000000
2016-09-04 21:53:49.002000,1.11564,1.11546,1280000,1000000
2016-09-04 21:53:49.704000,1.11565,1.11545,4730000,3750000
2016-09-04 21:53:50.006000,1.11564,1.11546,1280000,1000000
2016-09-04 21:53:54.972000,1.11564,1.11546,1270000,1000000
2016-09-04 21:53:55.327000,1.11565,1.11545,4720000,3750000
2016-09-04 21:53:55.548000,1.11564,1.11546,1270000,1000000
2016-09-04 21:53:56.354000,1.11565,1.11545,3220000,3000000
2016-09-04 21:53:56.515000,1.11565,1.11545,1720000,1500000
2016-09-04 21:53:56.570000,1.11565,1.11545,3220000,2250000
2016-09-04 21:53:56.761000,1.11565,1.11545,3220000,1500000
2016-09-04 21:53:56.812000,1.11565,1.11545,3220000,1000000
2016-09-04 21:53:56.863000,1.11564,1.11545,1270000,1000000
2016-09-04 21:53:56.915000,1.11564,1.11545,1270000,3750000
2016-09-04 21:53:56.966000,1.11564,1.11546,1270000,1000000
2016-09-04 21:53:59.862000,1.11565,1.11545,5470000,3750000
2016-09-04 21:54:00.362000,1.11564,1.11546,1270000,1000000
2016-09-04 21:54:01.364000,1.11565,1.11545,5470000,3750000
2016-09-04 21:54:01.575000,1.11564,1.11546,1270000,1000000
2016-09-04 21:54:02.036000,1.11560,1.11546,1170000,1000000
2016-09-04 21:54:02.087000,1.11560,1.11546,1650000,1000000
2016-09-04 21:54:03.620000,1.11560,1.11546,1070000,1000000
2016-09-04 21:54:03.721000,1.11560,1.11546,1650000,1000000
2016-09-04 21:54:04.600000,1.11560,1.11546,1070000,1000000
2016-09-04 21:54:04.801000,1.11560,1.11546,1650000,1000000
2016-09-04 21:54:05.308000,1.11560,1.11546,1070000,1000000
2016-09-04 21:54:05.603000,1.11560,1.11546,1650000,1000000
2016-09-04 21:54:06.638000,1.11560,1.11546,1070000,1000000
2016-09-04 21:54:06.740000,1.11560,1.11546,1650000,1000000
2016-09-04 21:54:07.304000,1.11560,1.11546,1070000,1000000
2016-09-04 21:54:07.608000,1.11560,1.11546,1650000,1000000
2016-09-04 21:54:07.859000,1.11560,1.11545,1650000,3000000
2016-09-04 21:54:08.064000,1.11560,1.11546,1650000,1000000
2016-09-04 21:54:08.570000,1.11560,1.11545,1650000,3000000
2016-09-04 21:54:08.621000,1.11560,1.11545,1650000,2250000
2016-09-04 21:54:09.103000,1.11560,1.11546,1650000,1000000
2016-09-04 21:54:09.362000,1.11560,1.11545,1650000,2250000
2016-09-04 21:54:09.562000,1.11560,1.11546,1650000,1000000
2016-09-04 21:54:10.771000,1.11560,1.11545,1650000,2250000
2016-09-04 21:54:10.873000,1.11560,1.11546,1650000,1000000
2016-09-04 21:54:12.651000,1.11560,1.11546,1070000,1000000
2016-09-04 21:54:12.702000,1.11560,1.11545,1100000,1500000
2016-09-04 21:54:12.753000,1.11560,1.11545,1650000,2250000
2016-09-04 21:54:12.872000,1.11560,1.11546,1650000,1000000
2016-09-04 21:54:13.069000,1.11560,1.11545,1650000,2250000
2016-09-04 21:54:13.374000,1.11560,1.11546,1650000,1000000
2016-09-04 21:54:14.775000,1.11560,1.11545,1650000,2250000
2016-09-04 21:54:14.978000,1.11560,1.11546,1650000,1000000
2016-09-04 21:54:15.381000,1.11560,1.11545,1650000,2250000
2016-09-04 21:54:15.575000,1.11560,1.11546,1650000,1000000
2016-09-04 21:54:16.419000,1.11560,1.11545,1650000,2250000
2016-09-04 21:54:16.600000,1.11560,1.11546,1650000,1000000
2016-09-04 21:54:17.179000,1.11560,1.11546,1070000,1000000
2016-09-04 21:54:17.397000,1.11560,1.11546,1650000,1000000
2016-09-04 21:54:17.500000,1.11559,1.11546,1100000,1000000
2016-09-04 21:54:17.606000,1.11559,1.11545,1000000,2250000
2016-09-04 21:54:17.708000,1.11559,1.11546,1100000,1000000
2016-09-04 21:54:18.992000,1.11559,1.11545,1000000,2250000
2016-09-04 21:54:19.193000,1.11559,1.11546,1100000,1000000
2016-09-04 21:54:19.582000,1.11559,1.11545,1000000,2250000
2016-09-04 21:54:19.685000,1.11559,1.11546,1100000,1000000
2016-09-04 21:54:24.710000,1.11559,1.11545,1000000,2250000
2016-09-04 21:54:24.911000,1.11559,1.11546,1100000,1000000
2016-09-04 21:54:26.551000,1.11560,1.11546,1920000,1000000
2016-09-04 21:54:26.606000,1.11557,1.11545,1000000,1000000
2016-09-04 21:54:26.657000,1.11557,1.11545,1000000,1500000
2016-09-04 21:54:26.708000,1.11557,1.11546,1000000,1000000
2016-09-04 21:54:29.103000,1.11557,1.11545,1000000,3000000
2016-09-04 21:54:29.307000,1.11557,1.11546,1000000,1000000
2016-09-04 21:54:30.806000,1.11557,1.11545,1000000,3000000
2016-09-04 21:54:31.009000,1.11557,1.11546,1000000,1000000
2016-09-04 21:54:33.411000,1.11557,1.11545,1000000,2250000
2016-09-04 21:54:33.513000,1.11557,1.11545,1000000,3000000
2016-09-04 21:54:33.739000,1.11557,1.11546,1000000,1000000
2016-09-04 21:54:37.053000,1.11557,1.11545,1000000,3000000
2016-09-04 21:54:37.155000,1.11557,1.11546,1000000,1000000
2016-09-04 21:54:37.472000,1.11559,1.11546,1850000,1000000
2016-09-04 21:54:37.528000,1.11558,1.11546,1000000,1000000
2016-09-04 21:54:37.638000,1.11558,1.11545,1000000,3000000
2016-09-04 21:54:37.740000,1.11558,1.11546,1000000,1000000
2016-09-04 21:54:38.223000,1.11558,1.11545,1000000,3000000
2016-09-04 21:54:38.325000,1.11558,1.11546,1000000,1000000
2016-09-04 21:54:38.925000,1.11558,1.11545,1000000,3000000
2016-09-04 21:54:39.229000,1.11558,1.11546,1000000,1000000
2016-09-04 21:54:40.757000,1.11558,1.11545,1000000,3000000
2016-09-04 21:54:40.958000,1.11558,1.11546,1000000,1000000
2016-09-04 21:54:42.568000,1.11558,1.11545,1000000,3000000
2016-09-04 21:54:42.670000,1.11558,1.11546,1000000,1000000
2016-09-04 21:54:43.267000,1.11558,1.11545,1000000,3000000
2016-09-04 21:54:43.468000,1.11558,1.11546,1000000,1000000
2016-09-04 21:54:44.575000,1.11558,1.11545,1000000,3000000
2016-09-04 21:54:44.677000,1.11558,1.11546,1000000,1000000
2016-09-04 21:54:47.687000,1.11558,1.11545,1000000,2250000
2016-09-04 21:54:48.036000,1.11558,1.11545,1000000,3000000
2016-09-04 21:54:48.088000,1.11558,1.11546,1000000,1000000
2016-09-04 21:54:49.993000,1.11558,1.11545,1000000,2250000
2016-09-04 21:54:50.096000,1.11558,1.11546,1000000,1000000
2016-09-04 21:54:50.646000,1.11558,1.11545,1000000,2250000
2016-09-04 21:54:50.802000,1.11558,1.11546,1000000,1000000
2016-09-04 21:54:53.854000,1.11558,1.11545,1000000,3000000
2016-09-04 21:54:53.956000,1.11558,1.11546,1000000,1000000
2016-09-04 21:54:57.269000,1.11558,1.11545,1000000,3000000
2016-09-04 21:54:57.565000,1.11558,1.11546,1000000,1000000
2016-09-04 21:54:59.567000,1.11558,1.11545,1000000,3000000
2016-09-04 21:54:59.819000,1.11558,1.11546,1000000,1000000
2016-09-04 21:55:00.721000,1.11558,1.11545,1000000,2250000
2016-09-04 21:55:00.823000,1.11558,1.11545,1000000,3000000
2016-09-04 21:55:00.876000,1.11558,1.11546,1000000,1000000
2016-09-04 21:55:03.001000,1.11558,1.11545,1000000,3000000
2016-09-04 21:55:03.345000,1.11558,1.11546,1000000,1000000
2016-09-04 21:55:04.335000,1.11558,1.11545,1000000,3000000
2016-09-04 21:55:04.616000,1.11558,1.11546,1000000,1000000
2016-09-04 21:55:06.325000,1.11558,1.11545,1000000,3000000
2016-09-04 21:55:06.550000,1.11558,1.11546,1000000,1000000
2016-09-04 21:55:10.629000,1.11558,1.11545,1000000,3000000
2016-09-04 21:55:10.759000,1.11558,1.11546,1000000,1000000
2016-09-04 21:55:18.177000,1.11558,1.11546,1380000,1000000
2016-09-04 21:55:18.280000,1.11558,1.11545,1380000,3000000
2016-09-04 21:55:18.385000,1.11558,1.11546,1380000,1000000
2016-09-04 21:55:18.912000,1.11557,1.11546,1380000,1000000
2016-09-04 21:55:19.065000,1.11557,1.11545,1380000,3000000
2016-09-04 21:55:19.429000,1.11557,1.11545,1380000,2250000
2016-09-04 21:55:19.480000,1.11557,1.11546,1380000,1000000
2016-09-04 21:55:20.255000,1.11557,1.11545,1380000,3000000
2016-09-04 21:55:20.357000,1.11557,1.11546,1380000,1000000
2016-09-04 21:55:23.296000,1.11557,1.11545,1380000,3000000
2016-09-04 21:55:23.684000,1.11557,1.11546,1380000,1000000
2016-09-04 21:55:24.499000,1.11557,1.11545,1380000,3000000
2016-09-04 21:55:24.677000,1.11557,1.11546,1380000,1000000
2016-09-04 21:55:26.091000,1.11557,1.11545,1380000,3000000
2016-09-04 21:55:26.193000,1.11557,1.11546,1380000,1000000
2016-09-04 21:55:29.180000,1.11557,1.11545,1380000,3000000
2016-09-04 21:55:29.413000,1.11557,1.11546,1380000,1000000
2016-09-04 21:55:31.394000,1.11557,1.11545,1380000,3000000
2016-09-04 21:55:31.905000,1.11557,1.11546,1380000,1000000
2016-09-04 21:55:33.702000,1.11557,1.11545,1380000,3000000
2016-09-04 21:55:33.979000,1.11557,1.11546,1380000,1000000
2016-09-04 21:55:35.092000,1.11557,1.11545,1380000,3000000
2016-09-04 21:55:35.194000,1.11557,1.11546,1380000,1000000
2016-09-04 21:55:37.214000,1.11557,1.11545,1380000,2250000
2016-09-04 21:55:37.265000,1.11557,1.11545,1380000,3000000
2016-09-04 21:55:37.401000,1.11557,1.11545,1380000,2250000
2016-09-04 21:55:37.503000,1.11557,1.11546,1380000,1000000
2016-09-04 21:55:38.506000,1.11557,1.11545,1380000,2250000
2016-09-04 21:55:38.711000,1.11557,1.11546,1380000,1000000
2016-09-04 21:55:43.719000,1.11557,1.11545,1380000,2250000
2016-09-04 21:55:44.008000,1.11557,1.11546,1380000,1000000
2016-09-04 21:55:45.521000,1.11557,1.11545,1380000,2250000
2016-09-04 21:55:45.709000,1.11557,1.11546,1380000,1000000
2016-09-04 21:55:45.812000,1.11557,1.11545,1380000,3000000
2016-09-04 21:55:46.039000,1.11557,1.11546,1380000,1000000
2016-09-04 21:55:46.470000,1.11557,1.11546,1880000,1000000
2016-09-04 21:55:46.521000,1.11557,1.11545,1880000,2250000
2016-09-04 21:55:46.724000,1.11557,1.11546,1880000,1000000
2016-09-04 21:55:46.929000,1.11557,1.11545,1880000,3000000
2016-09-04 21:55:47.031000,1.11557,1.11546,1880000,1000000
2016-09-04 21:55:47.525000,1.11557,1.11545,1880000,2250000
2016-09-04 21:55:47.699000,1.11557,1.11546,1880000,1000000
2016-09-04 21:55:50.029000,1.11557,1.11545,1880000,2250000
2016-09-04 21:55:50.257000,1.11557,1.11546,1880000,1000000
2016-09-04 21:55:51.029000,1.11557,1.11545,1880000,2250000
2016-09-04 21:55:51.245000,1.11557,1.11546,1880000,1000000
2016-09-04 21:55:51.406000,1.11557,1.11545,1880000,2250000
2016-09-04 21:55:51.507000,1.11557,1.11546,1880000,1000000
2016-09-04 21:55:52.233000,1.11557,1.11545,1880000,2250000
2016-09-04 21:55:52.539000,1.11557,1.11546,1880000,1000000
2016-09-04 21:55:53.249000,1.11557,1.11545,1880000,2250000
2016-09-04 21:55:53.539000,1.11557,1.11546,1880000,1000000
2016-09-04 21:55:53.712000,1.11557,1.11545,1880000,2250000
2016-09-04 21:55:54.041000,1.11557,1.11546,1880000,1000000
2016-09-04 21:55:55.078000,1.11557,1.11545,1880000,2250000
2016-09-04 21:55:55.130000,1.11557,1.11546,1880000,1000000
2016-09-04 21:55:57.103000,1.11557,1.11546,1380000,1000000
2016-09-04 21:55:57.511000,1.11558,1.11546,1880000,1000000
2016-09-04 21:56:00.972000,1.11558,1.11545,1880000,2250000
2016-09-04 21:56:01.269000,1.11558,1.11545,1880000,3000000
2016-09-04 21:56:01.371000,1.11558,1.11546,1880000,1000000
2016-09-04 21:56:02.741000,1.11558,1.11545,1880000,3000000
2016-09-04 21:56:02.842000,1.11558,1.11546,1880000,1000000
2016-09-04 21:56:03.761000,1.11558,1.11545,1880000,3000000
2016-09-04 21:56:04.059000,1.11558,1.11546,1880000,1000000
2016-09-04 21:56:05.394000,1.11558,1.11545,1880000,3000000
2016-09-04 21:56:05.574000,1.11558,1.11546,1880000,1000000
2016-09-04 21:56:07.185000,1.11558,1.11545,1880000,3000000
2016-09-04 21:56:07.388000,1.11558,1.11546,1880000,1000000
2016-09-04 21:56:07.696000,1.11558,1.11545,1880000,3000000
2016-09-04 21:56:07.798000,1.11558,1.11546,1880000,1000000
2016-09-04 21:56:09.606000,1.11558,1.11545,1880000,3000000
2016-09-04 21:56:09.658000,1.11558,1.11546,1880000,1000000
2016-09-04 21:56:09.760000,1.11558,1.11545,1880000,3000000
2016-09-04 21:56:09.811000,1.11558,1.11545,1880000,2250000
2016-09-04 21:56:09.862000,1.11558,1.11546,1880000,1000000
2016-09-04 21:56:10.577000,1.11558,1.11545,1880000,3000000
2016-09-04 21:56:10.628000,1.11558,1.11545,1880000,2250000
2016-09-04 21:56:10.799000,1.11558,1.11546,1880000,1000000
2016-09-04 21:56:11.002000,1.11558,1.11545,1880000,3000000
2016-09-04 21:56:11.104000,1.11558,1.11546,1880000,1000000
2016-09-04 21:56:11.910000,1.11558,1.11545,1880000,3000000
2016-09-04 21:56:12.109000,1.11558,1.11546,1880000,1000000
2016-09-04 21:56:15.212000,1.11558,1.11545,1880000,3000000
2016-09-04 21:56:15.346000,1.11558,1.11546,1880000,1000000
2016-09-04 21:56:18.602000,1.11558,1.11545,1880000,2250000
2016-09-04 21:56:18.653000,1.11558,1.11545,1880000,3000000
2016-09-04 21:56:18.704000,1.11558,1.11546,1880000,1000000
2016-09-04 21:56:20.306000,1.11558,1.11545,1880000,3000000
2016-09-04 21:56:20.591000,1.11558,1.11546,1880000,1000000
2016-09-04 21:56:21.699000,1.11558,1.11545,1880000,3000000
2016-09-04 21:56:21.801000,1.11558,1.11546,1880000,1000000
2016-09-04 21:56:23.007000,1.11558,1.11545,1880000,3000000
2016-09-04 21:56:23.304000,1.11558,1.11546,1880000,1000000
2016-09-04 21:56:23.706000,1.11558,1.11545,1880000,3000000
2016-09-04 21:56:23.809000,1.11558,1.11546,1880000,1000000
2016-09-04 21:56:25.444000,1.11558,1.11546,1380000,1000000
2016-09-04 21:56:26.009000,1.11558,1.11545,1380000,1500000
2016-09-04 21:56:26.112000,1.11558,1.11546,1380000,1000000
2016-09-04 21:56:27.547000,1.11558,1.11545,1380000,1500000
2016-09-04 21:56:27.649000,1.11558,1.11546,1380000,1000000
2016-09-04 21:56:28.320000,1.11558,1.11545,1380000,1500000
2016-09-04 21:56:28.524000,1.11558,1.11546,1380000,1000000
2016-09-04 21:56:29.077000,1.11558,1.11546,1000000,1000000
2016-09-04 21:56:29.229000,1.11558,1.11545,1000000,1500000
2016-09-04 21:56:29.415000,1.11558,1.11545,1000000,1000000
2016-09-04 21:56:29.619000,1.11558,1.11545,1000000,1500000
2016-09-04 21:56:29.670000,1.11558,1.11546,1000000,1000000
2016-09-04 21:56:30.731000,1.11558,1.11545,1000000,1500000
2016-09-04 21:56:30.955000,1.11558,1.11546,1000000,1000000
2016-09-04 21:56:33.180000,1.11558,1.11545,1000000,1500000
2016-09-04 21:56:33.475000,1.11558,1.11546,1000000,1000000
2016-09-04 21:56:37.478000,1.11560,1.11545,3150000,1500000
2016-09-04 21:56:37.752000,1.11560,1.11546,3900000,1000000
2016-09-04 21:56:40.241000,1.11560,1.11546,2330000,1000000
2016-09-04 21:56:40.450000,1.11560,1.11546,3900000,1000000
2016-09-04 21:56:40.654000,1.11559,1.11546,1580000,1000000
2016-09-04 21:56:41.462000,1.11559,1.11545,1500000,1500000
2016-09-04 21:56:41.691000,1.11559,1.11546,1580000,1000000
2016-09-04 21:56:46.095000,1.11559,1.11545,1500000,1500000
2016-09-04 21:56:46.494000,1.11559,1.11546,1580000,1000000
2016-09-04 21:56:47.171000,1.11559,1.11545,1500000,1500000
2016-09-04 21:56:47.273000,1.11559,1.11546,1580000,1000000
2016-09-04 21:56:48.308000,1.11559,1.11545,1500000,1500000
2016-09-04 21:56:48.677000,1.11559,1.11546,1580000,1000000
2016-09-04 21:56:49.589000,1.11559,1.11545,1500000,1500000
2016-09-04 21:56:49.678000,1.11559,1.11546,1580000,1000000
2016-09-04 21:56:50.400000,1.11559,1.11545,1500000,1500000
2016-09-04 21:56:50.591000,1.11559,1.11546,1580000,1000000
2016-09-04 21:56:51.522000,1.11559,1.11545,1500000,1500000
2016-09-04 21:56:51.649000,1.11559,1.11545,1500000,1000000
2016-09-04 21:56:51.700000,1.11559,1.11546,1580000,1000000
2016-09-04 21:56:53.221000,1.11559,1.11545,1500000,1500000
2016-09-04 21:56:53.323000,1.11559,1.11546,1580000,1000000
2016-09-04 21:56:54.039000,1.11559,1.11545,1500000,1500000
2016-09-04 21:56:54.509000,1.11559,1.11546,1580000,1000000
2016-09-04 21:56:55.914000,1.11559,1.11545,1500000,1500000
2016-09-04 21:56:56.016000,1.11559,1.11546,1580000,1000000
2016-09-04 21:56:56.118000,1.11559,1.11545,1500000,1500000
2016-09-04 21:56:56.265000,1.11559,1.11545,1500000,1000000
2016-09-04 21:56:56.316000,1.11559,1.11546,1580000,1000000
2016-09-04 21:56:57.052000,1.11559,1.11545,1500000,1500000
2016-09-04 21:56:57.104000,1.11559,1.11546,1580000,1000000
2016-09-04 21:56:57.520000,1.11558,1.11546,1000000,1000000
2016-09-04 21:57:00.297000,1.11558,1.11545,1000000,1500000
2016-09-04 21:57:00.348000,1.11558,1.11546,1000000,1000000
2016-09-04 21:57:00.455000,1.11558,1.11545,1000000,1500000
2016-09-04 21:57:00.506000,1.11558,1.11545,1000000,1000000
2016-09-04 21:57:00.679000,1.11558,1.11545,1000000,1500000
2016-09-04 21:57:00.730000,1.11558,1.11546,1000000,1000000
2016-09-04 21:57:05.274000,1.11558,1.11545,1000000,1000000
2016-09-04 21:57:05.819000,1.11558,1.11546,1000000,1000000
2016-09-04 21:57:06.952000,1.11558,1.11545,1000000,1500000
2016-09-04 21:57:07.133000,1.11558,1.11546,1000000,1000000
2016-09-04 21:57:07.440000,1.11558,1.11545,1000000,1500000
2016-09-04 21:57:07.756000,1.11558,1.11546,1000000,1000000
2016-09-04 21:57:09.558000,1.11558,1.11545,1000000,1500000
2016-09-04 21:57:09.610000,1.11558,1.11545,1000000,1000000
2016-09-04 21:57:09.841000,1.11558,1.11545,1000000,1500000
2016-09-04 21:57:10.351000,1.11558,1.11546,1000000,1000000
2016-09-04 21:57:12.662000,1.11558,1.11545,1000000,1500000
2016-09-04 21:57:12.768000,1.11558,1.11546,1000000,1000000
2016-09-04 21:57:14.210000,1.11558,1.11545,1000000,1500000
2016-09-04 21:57:14.366000,1.11558,1.11546,1000000,1000000
2016-09-04 21:57:18.077000,1.11558,1.11545,1000000,3000000
2016-09-04 21:57:18.275000,1.11558,1.11546,1000000,1000000
2016-09-04 21:57:18.781000,1.11558,1.11545,1000000,3000000
2016-09-04 21:57:18.885000,1.11558,1.11546,1000000,1000000
2016-09-04 21:57:19.879000,1.11558,1.11545,1000000,3000000
2016-09-04 21:57:20.188000,1.11558,1.11546,1000000,1000000
2016-09-04 21:57:22.586000,1.11558,1.11545,1000000,3000000
2016-09-04 21:57:22.688000,1.11558,1.11546,1000000,1000000
2016-09-04 21:57:23.003000,1.11558,1.11545,1000000,3000000
2016-09-04 21:57:23.301000,1.11558,1.11546,1000000,1000000
2016-09-04 21:57:23.437000,1.11558,1.11545,1000000,2250000
2016-09-04 21:57:23.488000,1.11558,1.11546,1000000,1000000
2016-09-04 21:57:26.981000,1.11558,1.11545,1000000,3000000
2016-09-04 21:57:27.221000,1.11558,1.11546,1000000,1000000
2016-09-04 21:57:28.610000,1.11558,1.11545,1000000,3000000
2016-09-04 21:57:28.712000,1.11558,1.11546,1000000,1000000
2016-09-04 21:57:33.495000,1.11558,1.11545,1000000,3000000
2016-09-04 21:57:33.599000,1.11558,1.11546,1000000,1000000
2016-09-04 21:57:33.889000,1.11558,1.11545,1000000,2250000
2016-09-04 21:57:33.941000,1.11558,1.11545,1000000,3000000
2016-09-04 21:57:34.094000,1.11558,1.11546,1000000,1000000
2016-09-04 21:57:35.497000,1.11558,1.11545,1000000,3000000
2016-09-04 21:57:35.599000,1.11558,1.11546,1000000,1000000
2016-09-04 21:57:37.130000,1.11558,1.11545,1000000,3000000
2016-09-04 21:57:37.199000,1.11558,1.11546,1000000,1000000
2016-09-04 21:57:37.403000,1.11558,1.11545,1000000,3000000
2016-09-04 21:57:37.949000,1.11558,1.11546,1000000,1000000
2016-09-04 21:57:42.254000,1.11558,1.11545,1000000,3000000
2016-09-04 21:57:42.312000,1.11558,1.11546,1000000,1000000
2016-09-04 21:57:42.516000,1.11558,1.11545,1000000,3000000
2016-09-04 21:57:42.618000,1.11558,1.11546,1000000,1000000
2016-09-04 21:57:43.157000,1.11558,1.11545,1000000,2250000
2016-09-04 21:57:43.218000,1.11558,1.11546,1000000,1000000
2016-09-04 21:57:43.963000,1.11558,1.11545,1000000,3000000
2016-09-04 21:57:44.463000,1.11558,1.11546,1000000,1000000
2016-09-04 21:57:52.573000,1.11558,1.11545,1000000,3000000
2016-09-04 21:57:53.072000,1.11558,1.11546,1000000,1000000
2016-09-04 21:57:54.274000,1.11558,1.11545,1000000,3000000
2016-09-04 21:57:54.580000,1.11558,1.11546,1000000,1000000
2016-09-04 21:57:54.953000,1.11558,1.11545,1000000,3000000
2016-09-04 21:57:55.055000,1.11558,1.11546,1000000,1000000
2016-09-04 21:57:55.877000,1.11558,1.11545,1000000,3000000
2016-09-04 21:57:56.273000,1.11558,1.11546,1000000,1000000
2016-09-04 21:57:56.682000,1.11558,1.11545,1000000,3000000
2016-09-04 21:57:56.968000,1.11558,1.11546,1000000,1000000
2016-09-04 21:58:00.083000,1.11558,1.11545,1000000,3000000
2016-09-04 21:58:00.262000,1.11558,1.11546,1000000,1000000
2016-09-04 21:58:00.461000,1.11558,1.11545,1000000,2250000
2016-09-04 21:58:00.513000,1.11558,1.11545,1000000,3000000
2016-09-04 21:58:00.565000,1.11558,1.11546,1000000,1000000
2016-09-04 21:58:02.282000,1.11558,1.11545,1000000,3000000
2016-09-04 21:58:02.598000,1.11558,1.11546,1000000,1000000
2016-09-04 21:58:02.886000,1.11557,1.11546,1180000,1000000
2016-09-04 21:58:02.944000,1.11557,1.11546,1650000,1000000
2016-09-04 21:58:02.995000,1.11557,1.11546,2400000,1000000
2016-09-04 21:58:04.085000,1.11557,1.11546,2250000,1000000
2016-09-04 21:58:04.376000,1.11557,1.11545,1500000,3000000
2016-09-04 21:58:04.428000,1.11558,1.11545,2250000,3000000
2016-09-04 21:58:04.479000,1.11557,1.11546,1500000,1000000
2016-09-04 21:58:05.100000,1.11558,1.11545,2250000,3000000
2016-09-04 21:58:05.274000,1.11557,1.11546,1500000,1000000
2016-09-04 21:58:05.503000,1.11558,1.11545,2250000,3000000
2016-09-04 21:58:05.601000,1.11558,1.11545,2250000,2250000
2016-09-04 21:58:05.704000,1.11557,1.11546,1500000,1000000
2016-09-04 21:58:11.040000,1.11558,1.11545,2250000,3000000
2016-09-04 21:58:11.146000,1.11557,1.11546,1500000,1000000
2016-09-04 21:58:12.003000,1.11558,1.11545,2250000,2250000
2016-09-04 21:58:12.055000,1.11558,1.11545,2250000,3000000
2016-09-04 21:58:12.107000,1.11557,1.11546,1500000,1000000
2016-09-04 21:58:13.422000,1.11557,1.11545,1500000,3000000
2016-09-04 21:58:13.846000,1.11557,1.11546,2250000,1000000
2016-09-04 21:58:15.256000,1.11557,1.11546,1130000,1000000
2016-09-04 21:58:17.706000,1.11557,1.11545,1130000,3000000
2016-09-04 21:58:17.860000,1.11557,1.11546,1130000,1000000
2016-09-04 21:58:18.973000,1.11557,1.11545,1130000,2250000
2016-09-04 21:58:19.081000,1.11557,1.11546,1130000,1000000
2016-09-04 21:58:19.183000,1.11557,1.11545,1130000,3000000
2016-09-04 21:58:19.286000,1.11557,1.11546,1130000,1000000
2016-09-04 21:58:23.275000,1.11557,1.11545,1130000,3000000
2016-09-04 21:58:23.377000,1.11557,1.11546,1130000,1000000
2016-09-04 21:58:23.581000,1.11557,1.11545,1130000,2250000
2016-09-04 21:58:23.689000,1.11557,1.11546,1130000,1000000
2016-09-04 21:58:25.978000,1.11557,1.11545,1130000,3000000
2016-09-04 21:58:26.080000,1.11557,1.11546,1130000,1000000
2016-09-04 21:58:26.233000,1.11557,1.11546,1500000,1000000
2016-09-04 21:58:26.285000,1.11558,1.11546,2630000,1000000
2016-09-04 21:58:26.489000,1.11558,1.11545,1880000,3000000
2016-09-04 21:58:26.590000,1.11558,1.11546,2630000,1000000
2016-09-04 21:58:27.375000,1.11558,1.11545,1880000,3000000
2016-09-04 21:58:27.604000,1.11558,1.11546,2630000,1000000
2016-09-04 21:58:27.858000,1.11557,1.11546,1500000,1000000
2016-09-04 21:58:30.164000,1.11558,1.11545,2630000,3000000
2016-09-04 21:58:30.664000,1.11557,1.11546,1500000,1000000
2016-09-04 21:58:32.150000,1.11558,1.11545,2630000,3000000
2016-09-04 21:58:32.368000,1.11557,1.11546,1500000,1000000
2016-09-04 21:58:33.707000,1.11558,1.11545,2630000,3000000
2016-09-04 21:58:33.917000,1.11557,1.11546,1500000,1000000
2016-09-04 21:58:37.014000,1.11558,1.11545,2630000,3000000
2016-09-04 21:58:37.118000,1.11557,1.11546,1500000,1000000
2016-09-04 21:58:38.759000,1.11558,1.11545,2250000,3000000
2016-09-04 21:58:38.811000,1.11557,1.11546,1500000,1000000
2016-09-04 21:58:39.108000,1.11558,1.11545,2250000,2250000
2016-09-04 21:58:39.211000,1.11557,1.11546,1500000,1000000
2016-09-04 21:58:40.025000,1.11558,1.11545,2250000,3000000
2016-09-04 21:58:40.127000,1.11557,1.11546,1500000,1000000
2016-09-04 21:58:43.714000,1.11558,1.11545,2250000,3000000
2016-09-04 21:58:44.218000,1.11557,1.11546,1500000,1000000
2016-09-04 21:58:46.397000,1.11556,1.11546,1130000,1000000
2016-09-04 21:58:48.408000,1.11556,1.11545,1130000,3000000
2016-09-04 21:58:48.510000,1.11556,1.11546,1130000,1000000
2016-09-04 21:58:51.819000,1.11557,1.11546,2250000,1000000
2016-09-04 21:58:52.150000,1.11557,1.11545,1500000,3000000
2016-09-04 21:58:52.252000,1.11557,1.11546,2250000,1000000
2016-09-04 21:58:52.506000,1.11555,1.11546,1500000,1000000
2016-09-04 21:58:52.558000,1.11553,1.11545,1370000,3000000
2016-09-04 21:58:52.615000,1.11553,1.11545,1870000,1500000
2016-09-04 21:58:52.667000,1.11552,1.11546,1370000,1000000
2016-09-04 21:58:54.442000,1.11553,1.11545,1870000,1500000
2016-09-04 21:58:54.898000,1.11553,1.11545,1870000,1000000
2016-09-04 21:58:54.949000,1.11552,1.11546,1370000,1000000
2016-09-04 21:58:55.153000,1.11553,1.11545,1870000,1500000
2016-09-04 21:58:55.255000,1.11552,1.11546,1370000,1000000
2016-09-04 21:58:56.658000,1.11553,1.11545,1870000,2250000
2016-09-04 21:58:56.761000,1.11552,1.11546,1370000,1000000
2016-09-04 21:58:56.946000,1.11551,1.11546,1120000,1000000
2016-09-04 21:58:59.558000,1.11552,1.11546,1870000,1000000
2016-09-04 21:58:59.813000,1.11551,1.11546,1120000,1000000
2016-09-04 21:59:01.521000,1.11550,1.11546,100000,750000
2016-09-04 21:59:01.572000,1.11550,1.11545,100000,1500000
2016-09-04 21:59:01.677000,1.11550,1.11546,100000,750000
2016-09-04 21:59:04.067000,1.11550,1.11545,100000,1500000
2016-09-04 21:59:04.169000,1.11550,1.11546,100000,750000
2016-09-04 21:59:04.972000,1.11550,1.11545,100000,1500000
2016-09-04 21:59:05.074000,1.11550,1.11546,100000,750000
2016-09-04 21:59:05.682000,1.11550,1.11545,100000,1500000
2016-09-04 21:59:05.784000,1.11550,1.11546,100000,750000
2016-09-04 21:59:07.025000,1.11550,1.11545,100000,1500000
2016-09-04 21:59:07.179000,1.11550,1.11546,100000,750000
2016-09-04 21:59:07.621000,1.11550,1.11545,100000,1500000
2016-09-04 21:59:07.827000,1.11550,1.11546,100000,750000
2016-09-04 21:59:10.930000,1.11550,1.11545,100000,2250000
2016-09-04 21:59:11.032000,1.11550,1.11546,100000,750000
2016-09-04 21:59:11.134000,1.11550,1.11545,100000,1500000
2016-09-04 21:59:11.185000,1.11550,1.11545,100000,2250000
2016-09-04 21:59:11.236000,1.11550,1.11546,100000,750000
2016-09-04 21:59:15.307000,1.11550,1.11545,100000,2250000
2016-09-04 21:59:15.414000,1.11550,1.11546,100000,750000
2016-09-04 21:59:17.624000,1.11550,1.11545,100000,2250000
2016-09-04 21:59:17.744000,1.11550,1.11546,100000,750000
2016-09-04 21:59:18.006000,1.11550,1.11545,100000,2250000
2016-09-04 21:59:18.108000,1.11550,1.11546,100000,750000
2016-09-04 21:59:18.353000,1.11550,1.11545,100000,2250000
2016-09-04 21:59:18.455000,1.11550,1.11546,100000,750000
2016-09-04 21:59:18.710000,1.11550,1.11545,100000,2250000
2016-09-04 21:59:18.812000,1.11550,1.11546,100000,750000
2016-09-04 21:59:19.016000,1.11550,1.11545,100000,1500000
2016-09-04 21:59:19.135000,1.11550,1.11545,100000,2250000
2016-09-04 21:59:19.186000,1.11550,1.11546,100000,750000
2016-09-04 21:59:19.914000,1.11550,1.11545,100000,2250000
2016-09-04 21:59:20.016000,1.11550,1.11546,100000,750000
2016-09-04 21:59:20.118000,1.11550,1.11545,100000,2250000
2016-09-04 21:59:20.353000,1.11550,1.11546,100000,750000
2016-09-04 21:59:22.263000,1.11550,1.11545,100000,2250000
2016-09-04 21:59:22.559000,1.11550,1.11546,100000,750000
2016-09-04 21:59:23.768000,1.11550,1.11545,100000,2250000
2016-09-04 21:59:23.871000,1.11550,1.11546,100000,750000
2016-09-04 21:59:24.325000,1.11550,1.11545,100000,2250000
2016-09-04 21:59:24.561000,1.11550,1.11546,100000,750000
2016-09-04 21:59:24.663000,1.11550,1.11545,100000,2250000
2016-09-04 21:59:24.765000,1.11550,1.11546,100000,750000
2016-09-04 21:59:26.077000,1.11550,1.11545,100000,2250000
2016-09-04 21:59:26.377000,1.11550,1.11546,100000,750000
2016-09-04 21:59:26.530000,1.11550,1.11545,100000,1500000
2016-09-04 21:59:26.867000,1.11546,1.11545,750000,2250000
2016-09-04 21:59:26.921000,1.11537,1.11535,750000,750000
2016-09-04 21:59:26.973000,1.11541,1.11540,750000,2250000
2016-09-04 21:59:27.024000,1.11543,1.11542,100000,1500000
2016-09-04 21:59:27.076000,1.11545,1.11544,370000,1120000
2016-09-04 21:59:27.127000,1.11545,1.11544,300000,1870000
2016-09-04 21:59:27.179000,1.11548,1.11547,1870000,1500000
2016-09-04 21:59:27.230000,1.11548,1.11547,1120000,2250000
2016-09-04 21:59:27.281000,1.11548,1.11547,1120000,1500000
2016-09-04 21:59:27.605000,1.11548,1.11547,750000,1500000
2016-09-04 21:59:36.920000,1.11551,1.11547,100000,1500000
2016-09-04 21:59:51.942000,1.11553,1.11547,820000,1500000
2016-09-04 21:59:58.747000,1.11551,1.11547,100000,1500000
2016-09-04 22:00:00.367000,1.11552,1.11547,100000,1500000
2016-09-04 22:00:00.931000,1.11552,1.11547,820000,1500000
2016-09-04 22:00:01.290000,1.11552,1.11547,750000,1500000
2016-09-04 22:00:01.545000,1.11553,1.11547,820000,1500000
2016-09-04 22:00:02.259000,1.11553,1.11547,100000,1500000
2016-09-04 22:00:02.346000,1.11553,1.11547,100000,2620000
2016-09-04 22:00:02.502000,1.11551,1.11547,820000,1870000
2016-09-04 22:00:02.604000,1.11551,1.11546,100000,4870000
2016-09-04 22:00:02.707000,1.11551,1.11547,100000,150000
2016-09-04 22:00:03.016000,1.11549,1.11547,100000,150000
2016-09-04 22:00:04.328000,1.11552,1.11547,750000,150000
2016-09-04 22:00:04.437000,1.11553,1.11547,750000,150000
2016-09-04 22:00:04.809000,1.11552,1.11547,750000,150000
2016-09-04 22:00:04.963000,1.11549,1.11547,370000,150000
2016-09-04 22:00:05.014000,1.11549,1.11547,1120000,150000
2016-09-04 22:00:05.065000,1.11549,1.11547,1500000,150000
2016-09-04 22:00:05.117000,1.11549,1.11547,750000,150000
2016-09-04 22:00:05.169000,1.11549,1.11547,370000,150000
2016-09-04 22:00:05.272000,1.11553,1.11547,750000,150000
2016-09-04 22:00:05.477000,1.11549,1.11547,1500000,150000
2016-09-04 22:00:05.599000,1.11551,1.11547,1500000,150000
2016-09-04 22:00:05.926000,1.11551,1.11547,750000,150000
2016-09-04 22:00:05.977000,1.11552,1.11547,1500000,150000
2016-09-04 22:00:06.079000,1.11552,1.11547,750000,150000
2016-09-04 22:00:06.588000,1.11552,1.11547,1500000,150000
2016-09-04 22:00:06.984000,1.11552,1.11547,750000,150000
2016-09-04 22:00:07.036000,1.11552,1.11547,1120000,150000
2016-09-04 22:00:07.087000,1.11552,1.11547,2250000,150000
2016-09-04 22:00:07.189000,1.11551,1.11547,750000,150000
2016-09-04 22:00:07.342000,1.11552,1.11547,2250000,150000
2016-09-04 22:00:07.393000,1.11551,1.11547,750000,150000
2016-09-04 22:00:07.447000,1.11552,1.11547,2250000,150000
2016-09-04 22:00:07.888000,1.11552,1.11547,1500000,150000
2016-09-04 22:00:07.990000,1.11552,1.11547,2250000,150000
2016-09-04 22:00:08.093000,1.11552,1.11547,1500000,150000
2016-09-04 22:00:10.578000,1.11551,1.11547,750000,150000
2016-09-04 22:00:10.629000,1.11552,1.11547,2250000,150000
2016-09-04 22:00:11.242000,1.11551,1.11547,750000,150000
2016-09-04 22:00:11.344000,1.11552,1.11547,2250000,150000
2016-09-04 22:00:11.401000,1.11551,1.11547,750000,150000
2016-09-04 22:00:12.186000,1.11552,1.11547,2250000,150000
2016-09-04 22:00:12.694000,1.11552,1.11546,2250000,150000
