time,ask,bid,ask_volume,bid_volume
2016-03-06 22:00:16.999000,1.09930,1.09886,2250000,750000
2016-03-06 22:00:17.533000,1.09930,1.09889,1500000,750000
2016-03-06 22:00:18.528000,1.09931,1.09889,750000,750000
2016-03-06 22:00:25.639000,1.09931,1.09892,750000,750000
2016-03-06 22:00:25.987000,1.09931,1.09894,750000,750000
2016-03-06 22:00:34.686000,1.09926,1.09894,750000,750000
2016-03-06 22:00:34.776000,1.09930,1.09894,750000,750000
2016-03-06 22:00:35.076000,1.09928,1.09894,750000,750000
2016-03-06 22:00:35.388000,1.09926,1.09894,750000,750000
2016-03-06 22:01:07.505000,1.09924,1.09894,750000,750000
2016-03-06 22:01:18.161000,1.09924,1.09895,750000,750000
2016-03-06 22:01:26.546000,1.09925,1.09895,750000,750000
2016-03-06 22:01:28.251000,1.09924,1.09895,750000,750000
2016-03-06 22:01:50.602000,1.09923,1.09895,750000,750000
2016-03-06 22:01:51.213000,1.09924,1.09895,750000,750000
2016-03-06 22:01:52.635000,1.09925,1.09895,750000,750000
2016-03-06 22:01:53.194000,1.09924,1.09895,750000,750000
2016-03-06 22:01:53.907000,1.09924,1.09896,750000,750000
2016-03-06 22:01:57.712000,1.09923,1.09896,750000,750000
2016-03-06 22:01:58.399000,1.09924,1.09896,750000,750000
2016-03-06 22:02:05.790000,1.09921,1.09896,2250000,750000
2016-03-06 22:02:10.005000,1.09923,1.09896,2250000,750000
2016-03-06 22:02:10.107000,1.09921,1.09896,2250000,750000
2016-03-06 22:02:10.691000,1.09922,1.09896,2250000,750000
2016-03-06 22:02:15.917000,1.09920,1.09896,100000,750000
2016-03-06 22:02:16.256000,1.09917,1.09896,100000,750000
2016-03-06 22:02:29.996000,1.09916,1.09896,100000,750000
2016-03-06 22:02:44.798000,1.09916,1.09895,100000,750000
2016-03-06 22:02:45.037000,1.09925,1.09895,100000,750000
2016-03-06 22:02:48.418000,1.09925,1.09896,100000,2250000
2016-03-06 22:02:54.587000,1.09925,1.09898,100000,750000
2016-03-06 22:02:54.839000,1.09928,1.09897,100000,3000000
2016-03-06 22:02:55.368000,1.09928,1.09898,100000,2250000
2016-03-06 22:02:55.956000,1.09943,1.09898,2250000,2250000
2016-03-06 22:02:56.835000,1.09928,1.09898,100000,2250000
2016-03-06 22:03:12.539000,1.09928,1.09900,100000,2250000
2016-03-06 22:03:19.859000,1.09928,1.09899,100000,2250000
2016-03-06 22:03:20.393000,1.09928,1.09900,100000,2250000
2016-03-06 22:03:21.195000,1.09928,1.09902,100000,750000
2016-03-06 22:03:21.347000,1.09936,1.09907,100000,750000
2016-03-06 22:03:21.448000,1.09936,1.09909,100000,2250000
2016-03-06 22:03:22.119000,1.09936,1.09910,100000,2250000
2016-03-06 22:03:26.761000,1.09936,1.09909,100000,2250000
2016-03-06 22:03:27.401000,1.09936,1.09910,100000,2250000
2016-03-06 22:03:38.165000,1.09936,1.09907,100000,750000
2016-03-06 22:03:38.266000,1.09936,1.09904,450000,3000000
2016-03-06 22:03:38.317000,1.09931,1.09904,100000,3000000
2016-03-06 22:03:43.345000,1.09931,1.09905,100000,370000
2016-03-06 22:04:05.766000,1.09936,1.09906,1370000,1000000
2016-03-06 22:04:11.237000,1.09931,1.09909,1100000,1000000
2016-03-06 22:04:38.174000,1.09931,1.09920,1000000,260000
2016-03-06 22:04:47.691000,1.09941,1.09920,2250000,260000
2016-03-06 22:04:50.704000,1.09931,1.09920,1000000,260000
2016-03-06 22:05:01.099000,1.09935,1.09920,1070000,260000
2016-03-06 22:05:08.509000,1.09930,1.09920,1000000,260000
2016-03-06 22:05:14.076000,1.09931,1.09920,1500000,260000
2016-03-06 22:05:20.497000,1.09933,1.09913,1370000,3260000
2016-03-06 22:05:21.047000,1.09936,1.09913,1370000,3260000
2016-03-06 22:05:22.052000,1.09936,1.09913,1000000,3260000
2016-03-06 22:05:25.717000,1.09932,1.09915,1000000,1260000
2016-03-06 22:05:26.520000,1.09936,1.09915,1000000,1260000
2016-03-06 22:05:29.783000,1.09936,1.09915,1370000,1630000
2016-03-06 22:05:30.644000,1.09932,1.09915,1000000,1630000
2016-03-06 22:05:31.948000,1.09934,1.09915,1000000,1260000
2016-03-06 22:05:32.049000,1.09936,1.09915,1000000,1260000
2016-03-06 22:05:32.590000,1.09937,1.09915,1000000,1260000
2016-03-06 22:05:39.832000,1.09937,1.09919,1370000,2510000
2016-03-06 22:05:41.657000,1.09933,1.09919,1000000,2510000
2016-03-06 22:05:43.324000,1.09933,1.09920,1000000,1010000
2016-03-06 22:05:43.375000,1.09940,1.09928,1000000,1070000
2016-03-06 22:05:43.476000,1.09942,1.09930,1000000,1000000
2016-03-06 22:05:44.043000,1.09943,1.09931,2250000,1000000
2016-03-06 22:05:45.676000,1.09942,1.09930,1000000,1000000
2016-03-06 22:05:48.965000,1.09943,1.09932,1500000,1000000
2016-03-06 22:05:49.067000,1.09942,1.09930,1000000,1000000
2016-03-06 22:05:53.176000,1.09943,1.09932,1500000,1000000
2016-03-06 22:05:53.399000,1.09950,1.09932,1000000,1000000
2016-03-06 22:05:53.601000,1.09942,1.09930,1000000,1000000
2016-03-06 22:06:19.251000,1.09943,1.09931,2250000,1000000
2016-03-06 22:06:27.265000,1.09942,1.09932,1000000,1000000
2016-03-06 22:06:27.467000,1.09946,1.09932,1000000,1500000
2016-03-06 22:06:27.569000,1.09949,1.09932,1000000,2250000
2016-03-06 22:06:27.674000,1.09947,1.09932,1000000,2250000
2016-03-06 22:06:27.977000,1.09942,1.09930,1000000,1000000
2016-03-06 22:06:29.560000,1.09943,1.09932,1500000,1000000
2016-03-06 22:06:30.873000,1.09943,1.09933,1500000,1000000
2016-03-06 22:06:31.177000,1.09951,1.09933,1570000,2250000
2016-03-06 22:06:31.228000,1.09951,1.09933,1570000,2250000
2016-03-06 22:06:31.432000,1.09944,1.09933,1000000,1000000
2016-03-06 22:06:31.483000,1.09944,1.09931,1000000,1000000
2016-03-06 22:06:32.032000,1.09943,1.09931,1500000,1000000
2016-03-06 22:06:33.173000,1.09943,1.09933,1500000,1000000
2016-03-06 22:06:33.479000,1.09951,1.09933,2320000,1500000
2016-03-06 22:06:38.864000,1.09951,1.09937,1100000,1500000
2016-03-06 22:06:39.184000,1.09953,1.09941,2320000,1000000
2016-03-06 22:06:39.868000,1.09953,1.09941,2320000,1000000
2016-03-06 22:06:40.995000,1.09953,1.09941,2320000,1000000
2016-03-06 22:06:41.591000,1.09953,1.09941,2250000,1000000
2016-03-06 22:06:43.678000,1.09953,1.09941,2320000,1000000
2016-03-06 22:06:49.010000,1.09953,1.09941,2320000,1000000
2016-03-06 22:06:49.613000,1.09953,1.09941,2320000,1000000
2016-03-06 22:06:50.300000,1.09953,1.09941,2250000,1000000
2016-03-06 22:06:53.008000,1.09953,1.09942,1500000,1000000
2016-03-06 22:07:06.971000,1.09953,1.09941,2250000,1000000
2016-03-06 22:07:31.055000,1.09953,1.09942,2250000,1000000
2016-03-06 22:07:39.117000,1.09953,1.09941,2250000,1500000
2016-03-06 22:07:39.713000,1.09953,1.09942,2250000,1000000
2016-03-06 22:07:50.937000,1.09953,1.09941,2250000,1500000
2016-03-06 22:07:51.601000,1.09953,1.09942,2250000,1000000
2016-03-06 22:07:51.652000,1.09953,1.09946,1500000,1000000
2016-03-06 22:07:52.210000,1.09953,1.09945,1500000,1000000
2016-03-06 22:07:52.716000,1.09953,1.09944,1500000,1000000
2016-03-06 22:07:59.949000,1.09953,1.09947,1500000,1000000
2016-03-06 22:08:00.051000,1.09953,1.09944,1500000,1500000
2016-03-06 22:08:11.127000,1.09953,1.09943,1500000,1500000
2016-03-06 22:08:24.075000,1.09953,1.09945,1500000,1000000
2016-03-06 22:08:41.557000,1.09953,1.09944,1500000,1500000
2016-03-06 22:08:42.613000,1.09953,1.09945,1500000,1000000
2016-03-06 22:08:43.151000,1.09953,1.09944,1500000,1500000
2016-03-06 22:08:45.012000,1.09953,1.09946,1500000,1000000
2016-03-06 22:08:47.363000,1.09953,1.09945,1500000,1000000
2016-03-06 22:08:47.883000,1.09953,1.09946,1500000,1000000
2016-03-06 22:08:54.533000,1.09953,1.09945,1500000,1000000
2016-03-06 22:08:56.136000,1.09953,1.09946,1500000,1000000
2016-03-06 22:08:59.085000,1.09953,1.09944,1500000,1000000
2016-03-06 22:08:59.666000,1.09953,1.09943,1500000,1500000
2016-03-06 22:09:00.366000,1.09953,1.09944,1500000,1000000
2016-03-06 22:09:02.249000,1.09953,1.09943,1500000,1000000
2016-03-06 22:09:02.765000,1.09953,1.09944,1500000,1000000
2016-03-06 22:09:03.970000,1.09953,1.09943,1500000,1500000
2016-03-06 22:09:04.579000,1.09953,1.09944,1500000,1000000
2016-03-06 22:09:05.410000,1.09953,1.09943,1500000,1000000
2016-03-06 22:09:21.282000,1.09953,1.09942,2250000,2250000
2016-03-06 22:09:25.261000,1.09953,1.09943,1500000,1000000
2016-03-06 22:09:26.657000,1.09953,1.09944,1500000,1000000
2016-03-06 22:09:27.158000,1.09953,1.09943,1500000,1000000
2016-03-06 22:09:33.362000,1.09953,1.09942,1500000,1500000
2016-03-06 22:09:33.879000,1.09953,1.09943,1500000,1000000
2016-03-06 22:09:35.182000,1.09953,1.09949,1500000,1000000
2016-03-06 22:09:38.928000,1.09953,1.09950,1500000,1000000
2016-03-06 22:09:39.029000,1.09953,1.09948,1500000,1000000
2016-03-06 22:09:39.625000,1.09953,1.09947,1500000,1000000
2016-03-06 22:09:46.066000,1.09953,1.09946,1500000,1000000
2016-03-06 22:09:46.572000,1.09953,1.09945,1500000,1000000
2016-03-06 22:09:56.373000,1.09953,1.09947,1500000,1000000
2016-03-06 22:09:56.424000,1.09956,1.09947,1000000,1000000
2016-03-06 22:09:56.576000,1.09959,1.09947,1000000,1000000
2016-03-06 22:09:57.793000,1.09960,1.09947,1000000,1000000
2016-03-06 22:09:58.403000,1.09961,1.09947,1000000,1000000
2016-03-06 22:09:58.854000,1.09959,1.09947,1000000,1000000
2016-03-06 22:10:02.007000,1.09959,1.09945,1000000,1000000
2016-03-06 22:10:02.109000,1.09956,1.09943,1000000,1500000
2016-03-06 22:10:02.414000,1.09954,1.09943,1000000,1500000
2016-03-06 22:10:02.973000,1.09954,1.09944,1000000,1000000
2016-03-06 22:10:05.293000,1.09955,1.09944,1000000,1000000
2016-03-06 22:10:05.847000,1.09955,1.09945,1000000,1000000
2016-03-06 22:10:06.509000,1.09954,1.09945,1000000,1000000
2016-03-06 22:10:12.589000,1.09955,1.09945,1000000,1000000
2016-03-06 22:10:13.120000,1.09956,1.09945,1000000,1000000
2016-03-06 22:10:16.726000,1.09952,1.09945,1000000,1000000
2016-03-06 22:10:16.778000,1.09952,1.09943,1000000,1000000
2016-03-06 22:10:16.980000,1.09950,1.09943,1000000,1000000
2016-03-06 22:10:17.645000,1.09951,1.09943,1000000,1000000
2016-03-06 22:10:18.158000,1.09952,1.09943,1000000,1000000
2016-03-06 22:10:20.406000,1.09951,1.09943,1000000,1000000
2016-03-06 22:10:24.810000,1.09952,1.09943,1000000,1000000
2016-03-06 22:10:26.844000,1.09951,1.09943,1000000,1000000
2016-03-06 22:10:33.338000,1.09950,1.09943,1000000,1000000
2016-03-06 22:10:36.193000,1.09951,1.09943,1000000,1000000
2016-03-06 22:10:36.795000,1.09950,1.09943,1000000,1000000
2016-03-06 22:10:39.466000,1.09951,1.09943,1000000,1000000
2016-03-06 22:10:39.976000,1.09950,1.09943,1000000,1000000
2016-03-06 22:10:40.814000,1.09951,1.09943,1000000,1000000
2016-03-06 22:10:41.413000,1.09950,1.09943,1000000,1000000
2016-03-06 22:10:43.308000,1.09951,1.09943,1000000,1000000
2016-03-06 22:10:48.608000,1.09953,1.09943,2250000,1000000
2016-03-06 22:10:55.135000,1.09951,1.09943,1000000,1000000
2016-03-06 22:10:55.237000,1.09953,1.09943,1500000,1000000
2016-03-06 22:10:55.754000,1.09953,1.09942,2250000,1000000
2016-03-06 22:11:04.810000,1.09952,1.09942,1000000,1000000
2016-03-06 22:11:05.529000,1.09953,1.09942,2250000,1000000
2016-03-06 22:11:06.059000,1.09952,1.09942,1000000,1000000
2016-03-06 22:11:16.884000,1.09953,1.09942,2250000,1000000
2016-03-06 22:11:18.889000,1.09952,1.09942,1000000,1000000
2016-03-06 22:11:20.294000,1.09953,1.09942,1500000,1000000
2016-03-06 22:11:21.385000,1.09953,1.09944,1500000,1000000
2016-03-06 22:11:23.353000,1.09953,1.09942,1500000,1500000
2016-03-06 22:11:36.707000,1.09953,1.09943,1500000,1000000
2016-03-06 22:11:37.241000,1.09953,1.09942,1500000,2250000
2016-03-06 22:11:55.903000,1.09952,1.09942,1000000,1000000
2016-03-06 22:11:59.412000,1.09953,1.09942,2250000,1120000
2016-03-06 22:12:10.421000,1.09953,1.09942,1000000,1750000
2016-03-06 22:12:10.573000,1.09953,1.09942,1500000,1870000
2016-03-06 22:12:11.773000,1.09953,1.09942,2250000,1500000
2016-03-06 22:12:18.070000,1.09953,1.09942,2250000,1750000
2016-03-06 22:12:19.264000,1.09953,1.09945,2250000,1000000
2016-03-06 22:12:20.314000,1.09952,1.09945,1000000,1000000
2016-03-06 22:12:20.763000,1.09952,1.09942,1000000,1000000
2016-03-06 22:12:21.972000,1.09953,1.09942,1500000,1000000
2016-03-06 22:12:22.587000,1.09953,1.09943,1500000,1000000
2016-03-06 22:12:23.179000,1.09953,1.09943,1500000,1370000
2016-03-06 22:12:23.760000,1.09953,1.09943,1500000,1370000
2016-03-06 22:12:24.187000,1.09953,1.09943,1500000,1370000
2016-03-06 22:12:25.315000,1.09953,1.09943,1500000,1120000
2016-03-06 22:12:26.322000,1.09953,1.09943,1500000,1500000
2016-03-06 22:12:28.303000,1.09953,1.09943,1500000,1000000
2016-03-06 22:12:30.939000,1.09953,1.09942,1500000,1500000
2016-03-06 22:12:31.493000,1.09953,1.09943,1500000,1000000
2016-03-06 22:12:33.431000,1.09953,1.09942,1500000,1500000
2016-03-06 22:12:34.243000,1.09953,1.09943,1500000,1000000
2016-03-06 22:12:36.389000,1.09953,1.09943,2320000,1070000
2016-03-06 22:12:36.902000,1.09953,1.09943,2320000,1950000
2016-03-06 22:12:38.555000,1.09953,1.09944,1500000,1450000
2016-03-06 22:12:38.960000,1.09953,1.09943,1570000,1470000
2016-03-06 22:12:39.466000,1.09953,1.09943,1500000,1470000
2016-03-06 22:12:39.794000,1.09953,1.09943,1570000,1100000
2016-03-06 22:12:40.047000,1.09950,1.09943,1000000,1200000
2016-03-06 22:12:40.250000,1.09953,1.09943,2320000,1370000
2016-03-06 22:12:40.755000,1.09953,1.09942,1500000,3370000
2016-03-06 22:12:41.261000,1.09952,1.09943,1000000,1950000
2016-03-06 22:12:41.952000,1.09953,1.09943,2320000,1100000
2016-03-06 22:12:42.005000,1.09953,1.09945,3000000,1000000
2016-03-06 22:12:42.107000,1.09950,1.09943,1070000,1500000
2016-03-06 22:12:42.648000,1.09951,1.09943,1070000,1000000
2016-03-06 22:12:43.333000,1.09950,1.09943,1070000,1500000
2016-03-06 22:12:47.658000,1.09950,1.09943,1000000,1000000
2016-03-06 22:12:48.178000,1.09949,1.09943,1000000,1000000
2016-03-06 22:12:48.976000,1.09951,1.09943,1100000,1000000
2016-03-06 22:12:49.534000,1.09950,1.09943,1000000,1000000
2016-03-06 22:12:52.070000,1.09949,1.09943,1000000,1000000
2016-03-06 22:12:52.575000,1.09950,1.09943,1000000,1000000
2016-03-06 22:12:53.125000,1.09949,1.09943,1000000,1000000
2016-03-06 22:12:53.277000,1.09953,1.09943,2320000,1000000
2016-03-06 22:12:53.329000,1.09953,1.09943,3000000,1000000
2016-03-06 22:12:53.481000,1.09952,1.09943,1000000,1000000
2016-03-06 22:12:55.753000,1.09953,1.09943,2320000,1000000
2016-03-06 22:12:56.476000,1.09952,1.09943,1000000,1000000
2016-03-06 22:13:01.970000,1.09953,1.09943,2320000,1000000
2016-03-06 22:13:02.020000,1.09946,1.09943,1000000,1000000
2016-03-06 22:13:02.700000,1.09945,1.09943,1370000,1000000
2016-03-06 22:13:03.207000,1.09945,1.09943,1000000,1000000
2016-03-06 22:13:03.258000,1.09950,1.09943,1870000,1000000
2016-03-06 22:13:03.375000,1.09950,1.09943,1870000,1000000
2016-03-06 22:13:03.739000,1.09945,1.09943,1370000,1000000
2016-03-06 22:13:04.825000,1.09945,1.09943,1120000,1000000
2016-03-06 22:13:05.369000,1.09945,1.09943,1500000,1120000
2016-03-06 22:13:05.895000,1.09945,1.09943,1000000,1120000
2016-03-06 22:13:06.432000,1.09951,1.09943,3000000,1000000
2016-03-06 22:13:07.042000,1.09949,1.09942,1750000,1000000
2016-03-06 22:13:07.742000,1.09949,1.09943,1370000,1000000
2016-03-06 22:13:07.793000,1.09951,1.09943,1000000,1000000
2016-03-06 22:13:07.975000,1.09950,1.09943,1370000,1000000
2016-03-06 22:13:09.072000,1.09945,1.09943,1370000,1000000
2016-03-06 22:13:09.277000,1.09951,1.09943,1370000,1000000
2016-03-06 22:13:10.236000,1.09951,1.09943,1370000,1000000
2016-03-06 22:13:12.550000,1.09950,1.09943,1750000,1000000
2016-03-06 22:13:13.053000,1.09945,1.09943,1000000,1000000
2016-03-06 22:13:13.689000,1.09950,1.09943,1750000,1000000
2016-03-06 22:13:14.419000,1.09945,1.09943,1000000,1000000
2016-03-06 22:13:18.609000,1.09950,1.09943,1000000,1000000
2016-03-06 22:13:18.829000,1.09953,1.09944,2250000,1370000
2016-03-06 22:13:18.946000,1.09950,1.09943,1120000,1470000
2016-03-06 22:13:19.886000,1.09952,1.09943,1370000,1370000
2016-03-06 22:13:20.912000,1.09952,1.09943,1000000,1370000
2016-03-06 22:13:21.564000,1.09953,1.09943,2620000,1120000
2016-03-06 22:13:21.969000,1.09950,1.09943,1000000,1120000
2016-03-06 22:13:22.635000,1.09951,1.09943,1000000,1120000
2016-03-06 22:13:23.144000,1.09950,1.09943,1000000,1120000
2016-03-06 22:13:23.966000,1.09952,1.09943,1000000,1370000
2016-03-06 22:13:24.068000,1.09950,1.09943,1000000,1120000
2016-03-06 22:13:24.640000,1.09949,1.09943,1000000,1000000
2016-03-06 22:13:26.953000,1.09950,1.09943,1000000,1000000
2016-03-06 22:13:27.298000,1.09946,1.09943,1000000,1000000
2016-03-06 22:13:27.605000,1.09946,1.09942,1370000,1120000
2016-03-06 22:13:29.249000,1.09950,1.09943,4500000,1000000
2016-03-06 22:13:29.751000,1.09945,1.09942,1500000,1120000
2016-03-06 22:13:31.497000,1.09947,1.09943,1750000,1000000
2016-03-06 22:13:32.002000,1.09948,1.09942,1750000,1120000
2016-03-06 22:13:32.103000,1.09947,1.09943,1370000,1000000
2016-03-06 22:13:40.031000,1.09949,1.09942,1750000,1120000
2016-03-06 22:13:42.030000,1.09949,1.09943,1750000,1000000
2016-03-06 22:13:42.706000,1.09945,1.09943,1000000,1000000
2016-03-06 22:13:46.140000,1.09950,1.09943,2620000,1000000
2016-03-06 22:13:46.191000,1.09950,1.09943,3000000,1000000
2016-03-06 22:13:47.987000,1.09951,1.09943,1500000,1000000
2016-03-06 22:13:48.265000,1.09945,1.09943,1000000,1000000
2016-03-06 22:13:48.815000,1.09950,1.09943,3750000,1000000
2016-03-06 22:13:49.359000,1.09949,1.09943,1370000,1000000
2016-03-06 22:13:49.864000,1.09949,1.09943,1370000,1000000
2016-03-06 22:13:50.066000,1.09950,1.09943,2250000,1000000
2016-03-06 22:13:50.781000,1.09949,1.09943,1000000,1000000
2016-03-06 22:13:51.062000,1.09945,1.09943,1120000,1000000
2016-03-06 22:13:51.265000,1.09950,1.09943,2250000,1000000
2016-03-06 22:13:52.012000,1.09948,1.09943,1000000,1000000
2016-03-06 22:13:52.204000,1.09950,1.09943,2250000,1000000
2016-03-06 22:13:52.745000,1.09949,1.09943,1000000,1000000
2016-03-06 22:13:53.277000,1.09950,1.09943,1000000,1000000
2016-03-06 22:13:53.498000,1.09949,1.09938,1000000,1000000
2016-03-06 22:13:53.553000,1.09948,1.09938,1370000,1000000
2016-03-06 22:13:53.705000,1.09936,1.09928,1000000,1200000
2016-03-06 22:13:53.756000,1.09936,1.09928,1370000,1120000
2016-03-06 22:13:54.109000,1.09934,1.09924,1370000,1000000
2016-03-06 22:13:54.160000,1.09934,1.09924,1370000,1000000
2016-03-06 22:13:55.147000,1.09935,1.09924,2620000,1000000
2016-03-06 22:13:55.681000,1.09935,1.09924,2620000,1870000
2016-03-06 22:13:56.686000,1.09935,1.09924,1870000,2620000
2016-03-06 22:13:58.500000,1.09935,1.09924,1870000,1870000
2016-03-06 22:13:59.962000,1.09935,1.09924,1120000,1870000
2016-03-06 22:14:00.468000,1.09935,1.09924,2620000,1870000
2016-03-06 22:14:01.253000,1.09935,1.09924,2620000,1870000
2016-03-06 22:14:05.291000,1.09935,1.09924,1370000,1870000
2016-03-06 22:14:05.440000,1.09932,1.09924,1000000,1870000
2016-03-06 22:14:09.173000,1.09933,1.09924,1120000,1870000
2016-03-06 22:14:10.232000,1.09932,1.09924,1000000,1870000
2016-03-06 22:14:10.947000,1.09933,1.09924,1120000,1870000
2016-03-06 22:14:11.457000,1.09932,1.09924,1000000,1870000
2016-03-06 22:14:12.007000,1.09932,1.09926,1000000,1370000
2016-03-06 22:14:12.312000,1.09933,1.09926,1370000,1370000
2016-03-06 22:14:13.039000,1.09930,1.09925,1370000,1370000
2016-03-06 22:14:13.540000,1.09930,1.09925,1370000,1370000
2016-03-06 22:14:14.361000,1.09930,1.09925,1370000,1370000
2016-03-06 22:14:16.398000,1.09932,1.09925,1370000,1370000
2016-03-06 22:14:17.120000,1.09932,1.09924,1370000,1370000
2016-03-06 22:14:21.556000,1.09933,1.09925,1370000,1370000
2016-03-06 22:14:24.382000,1.09933,1.09925,1120000,1370000
2016-03-06 22:14:24.714000,1.09933,1.09925,1370000,1370000
2016-03-06 22:14:26.692000,1.09933,1.09925,1370000,1370000
2016-03-06 22:14:31.259000,1.09933,1.09923,1370000,1870000
2016-03-06 22:14:33.728000,1.09934,1.09923,2250000,1870000
2016-03-06 22:14:34.941000,1.09934,1.09924,1500000,1370000
2016-03-06 22:14:35.566000,1.09934,1.09923,1500000,1870000
2016-03-06 22:14:36.166000,1.09934,1.09923,1870000,1870000
2016-03-06 22:14:37.135000,1.09934,1.09923,1870000,1870000
2016-03-06 22:14:37.640000,1.09934,1.09924,1870000,1370000
2016-03-06 22:14:38.153000,1.09935,1.09923,2250000,1870000
2016-03-06 22:14:38.665000,1.09934,1.09924,1870000,1370000
2016-03-06 22:14:40.748000,1.09934,1.09924,1500000,1370000
2016-03-06 22:14:44.722000,1.09934,1.09924,1870000,1370000
2016-03-06 22:14:45.306000,1.09934,1.09925,1870000,1370000
2016-03-06 22:14:45.839000,1.09934,1.09924,1870000,1370000
2016-03-06 22:14:53.377000,1.09934,1.09923,1870000,2620000
2016-03-06 22:15:00.502000,1.09934,1.09924,1870000,1370000
2016-03-06 22:15:00.857000,1.09934,1.09924,1500000,1370000
2016-03-06 22:15:01.364000,1.09936,1.09924,1870000,2620000
2016-03-06 22:15:01.888000,1.09935,1.09924,1000000,1000000
2016-03-06 22:15:02.395000,1.09936,1.09925,2250000,1000000
2016-03-06 22:15:02.902000,1.09936,1.09926,1870000,1000000
2016-03-06 22:15:03.437000,1.09936,1.09927,1870000,1000000
2016-03-06 22:15:06.260000,1.09936,1.09927,1870000,1000000
2016-03-06 22:15:08.393000,1.09935,1.09928,1120000,1000000
2016-03-06 22:15:09.201000,1.09935,1.09927,1120000,1500000
2016-03-06 22:15:09.887000,1.09936,1.09928,1870000,1500000
2016-03-06 22:15:10.192000,1.09936,1.09931,1870000,1000000
2016-03-06 22:15:10.294000,1.09936,1.09931,1500000,1000000
2016-03-06 22:15:10.497000,1.09942,1.09931,1950000,1000000
2016-03-06 22:15:18.811000,1.09942,1.09931,1000000,1500000
2016-03-06 22:15:26.022000,1.09942,1.09931,1000000,2620000
2016-03-06 22:15:32.965000,1.09942,1.09931,1000000,1500000
2016-03-06 22:15:33.576000,1.09941,1.09931,1000000,1000000
2016-03-06 22:15:37.808000,1.09942,1.09931,1500000,1000000
2016-03-06 22:15:38.324000,1.09941,1.09931,1000000,1000000
2016-03-06 22:15:38.894000,1.09942,1.09931,1500000,1000000
2016-03-06 22:16:05.867000,1.09942,1.09931,1000000,2620000
2016-03-06 22:16:07.789000,1.09942,1.09932,1000000,1370000
2016-03-06 22:16:10.255000,1.09943,1.09932,2250000,1370000
2016-03-06 22:16:21.987000,1.09943,1.09933,2250000,1370000
2016-03-06 22:16:22.647000,1.09943,1.09932,1500000,1370000
2016-03-06 22:16:27.318000,1.09943,1.09931,2250000,2620000
2016-03-06 22:16:28.494000,1.09943,1.09933,2250000,1370000
2016-03-06 22:16:29,1.09943,1.09932,2250000,1370000
2016-03-06 22:16:36.703000,1.09943,1.09931,2250000,1120000
2016-03-06 22:16:38.494000,1.09942,1.09931,1000000,1120000
2016-03-06 22:16:42.311000,1.09943,1.09931,1570000,1120000
2016-03-06 22:16:43.221000,1.09943,1.09931,2700000,1120000
2016-03-06 22:16:45.331000,1.09943,1.09931,1570000,1870000
2016-03-06 22:16:46.216000,1.09943,1.09931,1570000,2620000
2016-03-06 22:16:47.029000,1.09943,1.09931,1500000,1870000
2016-03-06 22:16:48.249000,1.09943,1.09931,1500000,2620000
2016-03-06 22:16:48.755000,1.09943,1.09931,1500000,1870000
2016-03-06 22:16:50.724000,1.09943,1.09931,1500000,2620000
2016-03-06 22:16:51.230000,1.09943,1.09931,1500000,1870000
2016-03-06 22:16:56.173000,1.09940,1.09931,1000000,1870000
2016-03-06 22:16:56.275000,1.09943,1.09931,2250000,1870000
2016-03-06 22:17:00.371000,1.09942,1.09931,1000000,1120000
2016-03-06 22:17:00.888000,1.09943,1.09931,2320000,1120000
2016-03-06 22:17:04.962000,1.09943,1.09931,1570000,1000000
2016-03-06 22:17:09.405000,1.09943,1.09930,2320000,1870000
2016-03-06 22:17:09.507000,1.09943,1.09932,1570000,1000000
2016-03-06 22:17:11.024000,1.09943,1.09931,1570000,1000000
2016-03-06 22:17:11.566000,1.09942,1.09930,1100000,1120000
2016-03-06 22:17:12.102000,1.09943,1.09931,1570000,1120000
2016-03-06 22:17:12.489000,1.09943,1.09931,1950000,1120000
2016-03-06 22:17:13.152000,1.09943,1.09930,2700000,1870000
2016-03-06 22:17:13.760000,1.09943,1.09930,2700000,1870000
2016-03-06 22:17:14.967000,1.09943,1.09930,1950000,1120000
2016-03-06 22:17:15.491000,1.09943,1.09930,2320000,1870000
2016-03-06 22:17:23.909000,1.09941,1.09930,1000000,1870000
2016-03-06 22:17:24.488000,1.09943,1.09930,2320000,1870000
2016-03-06 22:17:25.065000,1.09943,1.09931,2320000,1000000
2016-03-06 22:17:29.891000,1.09942,1.09931,1470000,1000000
2016-03-06 22:17:30.512000,1.09940,1.09931,1000000,1000000
2016-03-06 22:17:31.015000,1.09942,1.09931,1100000,1000000
2016-03-06 22:17:32.272000,1.09942,1.09930,1100000,1500000
2016-03-06 22:17:33.525000,1.09943,1.09930,4120000,1500000
2016-03-06 22:17:51.364000,1.09943,1.09930,4570000,2250000
2016-03-06 22:18:06.551000,1.09943,1.09930,2320000,2250000
2016-03-06 22:18:17.633000,1.09943,1.09930,1500000,2250000
2016-03-06 22:18:18.907000,1.09942,1.09930,1000000,2250000
2016-03-06 22:18:29.636000,1.09943,1.09930,2250000,2620000
2016-03-06 22:18:29.738000,1.09943,1.09931,2250000,1370000
2016-03-06 22:18:32.747000,1.09943,1.09931,1500000,1500000
2016-03-06 22:18:33.104000,1.09941,1.09931,1000000,1000000
2016-03-06 22:18:34.167000,1.09942,1.09931,1500000,1000000
2016-03-06 22:18:34.871000,1.09941,1.09931,1000000,1000000
2016-03-06 22:18:40.496000,1.09938,1.09931,1000000,1000000
2016-03-06 22:18:47.625000,1.09935,1.09931,1000000,1000000
2016-03-06 22:18:48.331000,1.09937,1.09931,1000000,1000000
2016-03-06 22:19:06.540000,1.09938,1.09931,1100000,1000000
2016-03-06 22:19:07.157000,1.09937,1.09931,1000000,1000000
2016-03-06 22:19:08.544000,1.09938,1.09931,1000000,1000000
2016-03-06 22:19:09.068000,1.09937,1.09931,1000000,1000000
2016-03-06 22:19:09.679000,1.09936,1.09931,1000000,1000000
2016-03-06 22:19:14.194000,1.09937,1.09931,1000000,1000000
2016-03-06 22:19:14.741000,1.09936,1.09931,1000000,1000000
2016-03-06 22:19:20.508000,1.09937,1.09931,1000000,1000000
2016-03-06 22:19:21.183000,1.09936,1.09931,1000000,1000000
2016-03-06 22:19:22.555000,1.09937,1.09931,1000000,1000000
2016-03-06 22:19:23.136000,1.09936,1.09931,1000000,1000000
2016-03-06 22:19:23.672000,1.09935,1.09931,1000000,1000000
2016-03-06 22:19:30.789000,1.09936,1.09931,1000000,1000000
2016-03-06 22:19:32.092000,1.09937,1.09931,1000000,1000000
2016-03-06 22:19:32.593000,1.09936,1.09931,1000000,1000000
2016-03-06 22:19:36.899000,1.09937,1.09931,1000000,1000000
2016-03-06 22:19:46.935000,1.09938,1.09931,1000000,1000000
2016-03-06 22:19:47.679000,1.09937,1.09931,1000000,1000000
2016-03-06 22:19:48.931000,1.09938,1.09931,1000000,1000000
2016-03-06 22:19:50.040000,1.09937,1.09931,1000000,1000000
2016-03-06 22:19:58.061000,1.09936,1.09931,1000000,1000000
2016-03-06 22:20:01.281000,1.09937,1.09931,1000000,1000000
2016-03-06 22:20:02.076000,1.09936,1.09931,1000000,1000000
2016-03-06 22:20:11.547000,1.09935,1.09931,1000000,1000000
2016-03-06 22:20:14.665000,1.09936,1.09931,1000000,1000000
2016-03-06 22:20:15.222000,1.09935,1.09931,1000000,1000000
2016-03-06 22:20:16.947000,1.09936,1.09931,1000000,1000000
2016-03-06 22:20:17.881000,1.09935,1.09931,1000000,1000000
2016-03-06 22:20:34.646000,1.09939,1.09931,5250000,1000000
2016-03-06 22:20:35.252000,1.09938,1.09931,4420000,1000000
2016-03-06 22:20:35.464000,1.09939,1.09931,1070000,1000000
2016-03-06 22:20:35.952000,1.09938,1.09931,4500000,1000000
2016-03-06 22:20:39.143000,1.09936,1.09931,1000000,1000000
2016-03-06 22:20:39.673000,1.09937,1.09931,1000000,1000000
2016-03-06 22:20:40.224000,1.09936,1.09931,1000000,1000000
2016-03-06 22:20:42.649000,1.09938,1.09931,1000000,1000000
2016-03-06 22:20:44.541000,1.09939,1.09931,1100000,1000000
2016-03-06 22:20:45.065000,1.09938,1.09931,1000000,1000000
2016-03-06 22:20:52.570000,1.09939,1.09931,1100000,1000000
2016-03-06 22:20:53.074000,1.09938,1.09931,1000000,1000000
2016-03-06 22:20:53.613000,1.09939,1.09931,1000000,1000000
2016-03-06 22:21:00.925000,1.09940,1.09931,1100000,1000000
2016-03-06 22:21:02.008000,1.09939,1.09931,1000000,1000000
2016-03-06 22:21:03.616000,1.09937,1.09931,1000000,1000000
2016-03-06 22:21:08.846000,1.09936,1.09931,1000000,1000000
2016-03-06 22:21:12.585000,1.09937,1.09931,1000000,1000000
2016-03-06 22:21:15.690000,1.09936,1.09931,1000000,1000000
2016-03-06 22:21:18.696000,1.09937,1.09931,1000000,1000000
2016-03-06 22:21:22.961000,1.09938,1.09931,1000000,1000000
2016-03-06 22:21:23.661000,1.09937,1.09931,1000000,1000000
2016-03-06 22:21:31.694000,1.09938,1.09931,1000000,1000000
2016-03-06 22:21:32.211000,1.09937,1.09931,1000000,1000000
2016-03-06 22:21:37.220000,1.09938,1.09931,1500000,1000000
2016-03-06 22:21:37.737000,1.09937,1.09931,1000000,1000000
2016-03-06 22:21:45.747000,1.09938,1.09931,1000000,1000000
2016-03-06 22:21:47.704000,1.09937,1.09931,1000000,1000000
2016-03-06 22:21:49.006000,1.09938,1.09931,1000000,1000000
2016-03-06 22:21:49.708000,1.09937,1.09931,1000000,1000000
2016-03-06 22:21:51.657000,1.09935,1.09931,1000000,1000000
2016-03-06 22:21:56.266000,1.09936,1.09931,1000000,1000000
2016-03-06 22:21:57.746000,1.09935,1.09931,1000000,1000000
2016-03-06 22:22:00.642000,1.09936,1.09931,1000000,1000000
2016-03-06 22:22:01.630000,1.09935,1.09931,1000000,1000000
2016-03-06 22:22:08.641000,1.09936,1.09931,1000000,1000000
2016-03-06 22:22:09.685000,1.09935,1.09931,1000000,1000000
2016-03-06 22:22:10.690000,1.09934,1.09931,1000000,1000000
2016-03-06 22:22:11.715000,1.09935,1.09931,1000000,1000000
2016-03-06 22:22:12.220000,1.09934,1.09931,1000000,1000000
2016-03-06 22:22:12.755000,1.09935,1.09931,1000000,1000000
2016-03-06 22:22:13.649000,1.09934,1.09931,1000000,1000000
2016-03-06 22:22:16.437000,1.09934,1.09932,1000000,1000000
2016-03-06 22:22:17.655000,1.09935,1.09932,1000000,1000000
2016-03-06 22:22:19.659000,1.09934,1.09932,1000000,1000000
2016-03-06 22:22:23.694000,1.09935,1.09932,1000000,1000000
2016-03-06 22:22:24.779000,1.09934,1.09932,1000000,1000000
2016-03-06 22:22:33.226000,1.09935,1.09932,1000000,1000000
2016-03-06 22:22:33.728000,1.09936,1.09932,1000000,1000000
2016-03-06 22:22:34.409000,1.09935,1.09932,1000000,1000000
2016-03-06 22:22:45.639000,1.09936,1.09932,1000000,1000000
2016-03-06 22:22:46.150000,1.09935,1.09932,1000000,1000000
2016-03-06 22:22:47.698000,1.09936,1.09932,1000000,1000000
2016-03-06 22:22:48.233000,1.09935,1.09932,1000000,1000000
2016-03-06 22:22:48.959000,1.09935,1.09931,1000000,1000000
2016-03-06 22:23:12.550000,1.09936,1.09931,1000000,1000000
2016-03-06 22:23:13.652000,1.09935,1.09931,1000000,1000000
2016-03-06 22:23:19.186000,1.09936,1.09931,1000000,1000000
2016-03-06 22:23:19.812000,1.09935,1.09931,1000000,1000000
2016-03-06 22:23:24.994000,1.09936,1.09931,1000000,1000000
2016-03-06 22:23:25.590000,1.09935,1.09931,1000000,1000000
2016-03-06 22:23:28.510000,1.09936,1.09931,1000000,1000000
2016-03-06 22:23:34.529000,1.09936,1.09932,1000000,1000000
2016-03-06 22:23:39.608000,1.09937,1.09932,1000000,1000000
2016-03-06 22:23:39.812000,1.09939,1.09932,1500000,1000000
2016-03-06 22:23:40.342000,1.09938,1.09932,1000000,1000000
2016-03-06 22:24:02.349000,1.09939,1.09932,1500000,1000000
2016-03-06 22:24:02.475000,1.09937,1.09932,1000000,1000000
2016-03-06 22:24:03.123000,1.09938,1.09932,1000000,1000000
2016-03-06 22:24:05.247000,1.09939,1.09932,1000000,1000000
2016-03-06 22:24:06.295000,1.09938,1.09932,1000000,1000000
2016-03-06 22:24:06.964000,1.09937,1.09932,1000000,1000000
2016-03-06 22:24:09.574000,1.09938,1.09932,1000000,1000000
2016-03-06 22:24:10.364000,1.09938,1.09932,1000000,1370000
2016-03-06 22:24:10.466000,1.09935,1.09927,1000000,4720000
2016-03-06 22:24:10.568000,1.09939,1.09927,1000000,6220000
2016-03-06 22:24:11.143000,1.09938,1.09927,1000000,5470000
2016-03-06 22:24:12.260000,1.09939,1.09927,1500000,3750000
2016-03-06 22:24:12.323000,1.09939,1.09932,1500000,1000000
2016-03-06 22:24:12.690000,1.09936,1.09932,1000000,1000000
2016-03-06 22:24:16.399000,1.09937,1.09932,1000000,1000000
2016-03-06 22:24:18.030000,1.09937,1.09934,1000000,1370000
2016-03-06 22:24:18.083000,1.09936,1.09932,1000000,1500000
2016-03-06 22:24:18.184000,1.09941,1.09932,1000000,1500000
2016-03-06 22:24:18.736000,1.09942,1.09932,1000000,1500000
2016-03-06 22:24:21.857000,1.09940,1.09932,1000000,1500000
2016-03-06 22:24:22.162000,1.09937,1.09932,1000000,1500000
2016-03-06 22:24:22.757000,1.09937,1.09931,1000000,1000000
2016-03-06 22:24:26.989000,1.09936,1.09931,1000000,1000000
2016-03-06 22:24:41.796000,1.09937,1.09931,1000000,1000000
2016-03-06 22:24:43.483000,1.09938,1.09931,1000000,1000000
2016-03-06 22:24:44.646000,1.09937,1.09931,1100000,1000000
2016-03-06 22:24:51.689000,1.09939,1.09931,1370000,1000000
2016-03-06 22:24:52.016000,1.09938,1.09931,1500000,1000000
2016-03-06 22:25:11.171000,1.09939,1.09931,1450000,1000000
2016-03-06 22:25:12.165000,1.09942,1.09931,4870000,1000000
2016-03-06 22:25:12.804000,1.09942,1.09930,4120000,1000000
2016-03-06 22:25:31.821000,1.09943,1.09936,6000000,1000000
2016-03-06 22:25:31.872000,1.09943,1.09936,5700000,1000000
2016-03-06 22:25:32.859000,1.09943,1.09936,2700000,1000000
2016-03-06 22:25:39.967000,1.09943,1.09938,2320000,1000000
2016-03-06 22:25:57.693000,1.09943,1.09938,2700000,1000000
2016-03-06 22:26:14.840000,1.09943,1.09938,1870000,1000000
2016-03-06 22:26:31.677000,1.09943,1.09938,1570000,1000000
2016-03-06 22:26:36.615000,1.09943,1.09938,1570000,1000000
2016-03-06 22:27:15.334000,1.09943,1.09938,1500000,1000000
2016-03-06 22:27:36.875000,1.09943,1.09938,1500000,1000000
2016-03-06 22:27:54.085000,1.09943,1.09937,1500000,1000000
2016-03-06 22:27:54.805000,1.09943,1.09938,1500000,1000000
2016-03-06 22:28:12.521000,1.09943,1.09937,1500000,1000000
2016-03-06 22:29:19.660000,1.09942,1.09937,1000000,1000000
2016-03-06 22:29:20.161000,1.09943,1.09937,3000000,1000000
2016-03-06 22:29:24.397000,1.09941,1.09937,1000000,1000000
2016-03-06 22:29:59.534000,1.09940,1.09937,1000000,1000000
2016-03-06 22:30:00.443000,1.09941,1.09937,1000000,1000000
2016-03-06 22:30:00.898000,1.09940,1.09931,1120000,2250000
2016-03-06 22:30:00.999000,1.09938,1.09931,1120000,1000000
2016-03-06 22:30:01.439000,1.09935,1.09931,1000000,1000000
2016-03-06 22:30:02.199000,1.09936,1.09931,1000000,1000000
2016-03-06 22:30:02.455000,1.09938,1.09931,2320000,1000000
2016-03-06 22:30:02.998000,1.09937,1.09931,1000000,1000000
2016-03-06 22:30:04.056000,1.09938,1.09931,1570000,1000000
2016-03-06 22:30:04.562000,1.09937,1.09931,1000000,1000000
2016-03-06 22:30:05.905000,1.09938,1.09931,1500000,1000000
2016-03-06 22:30:07.172000,1.09939,1.09931,1000000,1000000
2016-03-06 22:30:13.876000,1.09941,1.09931,1000000,1000000
2016-03-06 22:30:22.314000,1.09941,1.09932,1000000,1000000
2016-03-06 22:30:24.212000,1.09943,1.09932,5620000,1000000
2016-03-06 22:30:24.718000,1.09943,1.09933,5250000,1000000
2016-03-06 22:30:26.009000,1.09943,1.09932,3000000,1000000
2016-03-06 22:30:26.514000,1.09943,1.09933,4500000,1000000
2016-03-06 22:30:27.015000,1.09943,1.09933,4870000,1000000
2016-03-06 22:30:32.527000,1.09943,1.09934,4870000,1000000
2016-03-06 22:30:37.035000,1.09943,1.09933,3370000,1000000
2016-03-06 22:30:37.205000,1.09940,1.09933,1000000,1000000
2016-03-06 22:30:37.813000,1.09940,1.09934,1000000,1000000
2016-03-06 22:30:38.736000,1.09940,1.09933,1000000,1000000
2016-03-06 22:30:39.337000,1.09940,1.09931,1000000,1500000
2016-03-06 22:30:40.242000,1.09940,1.09932,1000000,1000000
2016-03-06 22:30:40.787000,1.09941,1.09932,1000000,1000000
2016-03-06 22:30:41.447000,1.09940,1.09932,1000000,1000000
2016-03-06 22:30:42.257000,1.09940,1.09931,1000000,1500000
2016-03-06 22:30:42.766000,1.09940,1.09932,1000000,1000000
2016-03-06 22:30:44.473000,1.09940,1.09931,1000000,1870000
2016-03-06 22:30:45.253000,1.09940,1.09932,1000000,1000000
2016-03-06 22:30:49.667000,1.09940,1.09931,1000000,1500000
2016-03-06 22:30:50.457000,1.09941,1.09931,1000000,1500000
2016-03-06 22:30:50.961000,1.09940,1.09931,1000000,1500000
2016-03-06 22:30:51.584000,1.09940,1.09932,1000000,1000000
2016-03-06 22:30:53.456000,1.09941,1.09932,1000000,1000000
2016-03-06 22:30:54.010000,1.09940,1.09932,1000000,1000000
2016-03-06 22:30:54.971000,1.09941,1.09932,1000000,1000000
2016-03-06 22:30:55.519000,1.09940,1.09932,1000000,1000000
2016-03-06 22:30:56.026000,1.09940,1.09931,1000000,1500000
2016-03-06 22:30:56.978000,1.09941,1.09931,1000000,1500000
2016-03-06 22:30:57.508000,1.09940,1.09931,1000000,1000000
2016-03-06 22:30:59.306000,1.09941,1.09931,1000000,1500000
2016-03-06 22:30:59.860000,1.09940,1.09931,1000000,1500000
2016-03-06 22:31:03.423000,1.09941,1.09931,1000000,1000000
2016-03-06 22:31:03.936000,1.09940,1.09931,1000000,1500000
2016-03-06 22:31:05.441000,1.09941,1.09931,1000000,1500000
2016-03-06 22:31:05.991000,1.09940,1.09931,1000000,1500000
2016-03-06 22:31:06.844000,1.09941,1.09931,1000000,1500000
2016-03-06 22:31:07.445000,1.09940,1.09931,1000000,1500000
2016-03-06 22:31:12.060000,1.09941,1.09931,1000000,1500000
2016-03-06 22:31:12.579000,1.09940,1.09931,1000000,1870000
2016-03-06 22:31:13.422000,1.09941,1.09931,1000000,1500000
2016-03-06 22:31:13.946000,1.09940,1.09931,1000000,1500000
2016-03-06 22:31:14.491000,1.09941,1.09931,1000000,1500000
2016-03-06 22:31:15.028000,1.09940,1.09931,1000000,1000000
2016-03-06 22:31:16.436000,1.09941,1.09931,1000000,1500000
2016-03-06 22:31:16.956000,1.09940,1.09931,1000000,1500000
2016-03-06 22:31:20.142000,1.09941,1.09931,1000000,1500000
2016-03-06 22:31:20.692000,1.09940,1.09931,1000000,1000000
2016-03-06 22:31:24.453000,1.09941,1.09931,1000000,1500000
2016-03-06 22:31:24.976000,1.09940,1.09931,1000000,1500000
2016-03-06 22:31:27.559000,1.09941,1.09931,1000000,1500000
2016-03-06 22:31:28.063000,1.09940,1.09931,1000000,1500000
2016-03-06 22:31:29.968000,1.09941,1.09931,1000000,1500000
2016-03-06 22:31:30.519000,1.09940,1.09931,1000000,1500000
2016-03-06 22:31:31.577000,1.09941,1.09931,1000000,1500000
2016-03-06 22:31:32.127000,1.09940,1.09931,1000000,1500000
2016-03-06 22:31:32.797000,1.09941,1.09931,1000000,1500000
2016-03-06 22:31:33.333000,1.09940,1.09931,1000000,1500000
2016-03-06 22:31:33.855000,1.09941,1.09931,1000000,1500000
2016-03-06 22:31:34.372000,1.09940,1.09931,1000000,1500000
2016-03-06 22:31:35.616000,1.09941,1.09931,1000000,1500000
2016-03-06 22:31:36.152000,1.09940,1.09931,1000000,1500000
2016-03-06 22:31:37.024000,1.09941,1.09931,1000000,1500000
2016-03-06 22:31:37.527000,1.09940,1.09931,1000000,1500000
2016-03-06 22:31:38.592000,1.09941,1.09931,1000000,1500000
2016-03-06 22:31:39.143000,1.09940,1.09931,1000000,1500000
2016-03-06 22:31:42.350000,1.09940,1.09932,1000000,1000000
2016-03-06 22:31:43.263000,1.09940,1.09931,1000000,1500000
2016-03-06 22:31:43.804000,1.09940,1.09932,1000000,1000000
2016-03-06 22:31:44.306000,1.09941,1.09932,1000000,1000000
2016-03-06 22:31:44.817000,1.09940,1.09932,1000000,1000000
2016-03-06 22:31:46.511000,1.09941,1.09932,1000000,1000000
2016-03-06 22:31:47.056000,1.09940,1.09932,1000000,1000000
2016-03-06 22:31:48.140000,1.09941,1.09932,1000000,1000000
2016-03-06 22:31:48.669000,1.09940,1.09931,1000000,2250000
2016-03-06 22:31:49.183000,1.09940,1.09932,1000000,1000000
2016-03-06 22:31:50.042000,1.09941,1.09932,1000000,1000000
2016-03-06 22:31:50.579000,1.09940,1.09932,1000000,1000000
2016-03-06 22:31:51.124000,1.09941,1.09932,1000000,1000000
2016-03-06 22:31:51.726000,1.09940,1.09932,1000000,1000000
2016-03-06 22:31:52.329000,1.09941,1.09932,1000000,1000000
2016-03-06 22:31:52.981000,1.09940,1.09932,1000000,1000000
2016-03-06 22:31:54.233000,1.09941,1.09932,1000000,1000000
2016-03-06 22:31:54.806000,1.09940,1.09932,1000000,1000000
2016-03-06 22:31:57.222000,1.09940,1.09931,1000000,2250000
2016-03-06 22:31:57.740000,1.09941,1.09932,1000000,1000000
2016-03-06 22:31:58.244000,1.09940,1.09932,1000000,1000000
2016-03-06 22:31:58.396000,1.09940,1.09934,1000000,1000000
2016-03-06 22:31:58.893000,1.09940,1.09932,1000000,1500000
2016-03-06 22:31:59.409000,1.09941,1.09934,1000000,1000000
2016-03-06 22:31:59.896000,1.09941,1.09932,1000000,2250000
2016-03-06 22:32:00.402000,1.09940,1.09932,1000000,2250000
2016-03-06 22:32:01.389000,1.09940,1.09934,1000000,1000000
2016-03-06 22:32:01.891000,1.09940,1.09932,1000000,2250000
2016-03-06 22:32:02.194000,1.09940,1.09934,1000000,1000000
2016-03-06 22:32:02.535000,1.09940,1.09932,1000000,2250000
2016-03-06 22:32:03.005000,1.09941,1.09934,1000000,1000000
2016-03-06 22:32:03.409000,1.09940,1.09932,1000000,2250000
2016-03-06 22:32:03.612000,1.09940,1.09934,1000000,1000000
2016-03-06 22:32:04.118000,1.09940,1.09936,1000000,1000000
2016-03-06 22:32:04.376000,1.09943,1.09938,1500000,1000000
2016-03-06 22:32:04.428000,1.09948,1.09938,1500000,1500000
2016-03-06 22:32:04.682000,1.09940,1.09937,1000000,1000000
2016-03-06 22:32:04.886000,1.09945,1.09938,1950000,1000000
2016-03-06 22:32:05.038000,1.09948,1.09938,1000000,1500000
2016-03-06 22:32:05.342000,1.09944,1.09938,1000000,1000000
2016-03-06 22:32:05.698000,1.09949,1.09940,1870000,1000000
2016-03-06 22:32:05.800000,1.09940,1.09939,1000000,1000000
2016-03-06 22:32:08.413000,1.09943,1.09939,2250000,1000000
2016-03-06 22:32:48.093000,1.09943,1.09941,1500000,1000000
2016-03-06 22:32:48.448000,1.09948,1.09941,1000000,1000000
2016-03-06 22:32:48.550000,1.09948,1.09939,5250000,1000000
2016-03-06 22:32:48.854000,1.09940,1.09938,1000000,1000000
2016-03-06 22:32:50.347000,1.09941,1.09938,1000000,1000000
2016-03-06 22:32:50.852000,1.09940,1.09938,1000000,1000000
2016-03-06 22:32:51.459000,1.09941,1.09938,1000000,1000000
2016-03-06 22:32:51.965000,1.09940,1.09938,1000000,1000000
2016-03-06 22:32:55.164000,1.09941,1.09938,1000000,1000000
2016-03-06 22:32:55.771000,1.09940,1.09938,1000000,1000000
2016-03-06 22:33:01.089000,1.09941,1.09939,1000000,1000000
2016-03-06 22:33:01.141000,1.09943,1.09940,1870000,1500000
2016-03-06 22:33:01.192000,1.09945,1.09940,2250000,1500000
2016-03-06 22:33:01.293000,1.09948,1.09940,1000000,1000000
2016-03-06 22:33:01.398000,1.09950,1.09940,1500000,1000000
2016-03-06 22:33:02.132000,1.09949,1.09940,3000000,1000000
2016-03-06 22:33:03.101000,1.09950,1.09940,3820000,1000000
2016-03-06 22:33:06.615000,1.09950,1.09940,4120000,1000000
2016-03-06 22:33:06.716000,1.09950,1.09940,3070000,1000000
2016-03-06 22:33:07.629000,1.09950,1.09940,7500000,1000000
2016-03-06 22:33:07.731000,1.09950,1.09940,7200000,1000000
2016-03-06 22:33:07.833000,1.09950,1.09940,7500000,1000000
2016-03-06 22:33:13.985000,1.09950,1.09940,6070000,1000000
2016-03-06 22:33:18.901000,1.09949,1.09940,1000000,1000000
2016-03-06 22:33:19.919000,1.09950,1.09940,3070000,1000000
2016-03-06 22:33:20.274000,1.09950,1.09940,5250000,1000000
2016-03-06 22:33:21.423000,1.09947,1.09940,1000000,1000000
2016-03-06 22:33:21.970000,1.09948,1.09940,1000000,1000000
2016-03-06 22:33:22.723000,1.09946,1.09940,1000000,1000000
2016-03-06 22:33:23.274000,1.09947,1.09940,1000000,1000000
2016-03-06 22:33:23.811000,1.09946,1.09940,1000000,1000000
2016-03-06 22:33:24.326000,1.09947,1.09940,1000000,1000000
2016-03-06 22:33:24.877000,1.09946,1.09940,1000000,1000000
2016-03-06 22:33:26.234000,1.09948,1.09940,1100000,1000000
2016-03-06 22:33:26.737000,1.09947,1.09940,1000000,1000000
2016-03-06 22:33:27.343000,1.09948,1.09940,1000000,1000000
2016-03-06 22:33:27.852000,1.09947,1.09940,1000000,1000000
2016-03-06 22:33:29.775000,1.09947,1.09939,1000000,1000000
2016-03-06 22:33:29.826000,1.09950,1.09939,5250000,1000000
2016-03-06 22:33:30.029000,1.09946,1.09939,1000000,1000000
2016-03-06 22:33:30.553000,1.09945,1.09939,1000000,1000000
2016-03-06 22:33:32.756000,1.09944,1.09939,1000000,1000000
2016-03-06 22:33:33.263000,1.09945,1.09939,1000000,1000000
2016-03-06 22:33:35.262000,1.09946,1.09939,1000000,1000000
2016-03-06 22:33:35.768000,1.09945,1.09939,1000000,1000000
2016-03-06 22:33:37.967000,1.09946,1.09939,1000000,1000000
2016-03-06 22:33:38.482000,1.09945,1.09939,1000000,1000000
2016-03-06 22:33:39.042000,1.09946,1.09939,1000000,1000000
2016-03-06 22:33:39.617000,1.09945,1.09939,1000000,1000000
2016-03-06 22:33:40.124000,1.09946,1.09939,1000000,1000000
2016-03-06 22:33:40.629000,1.09945,1.09939,1000000,1000000
2016-03-06 22:33:41.257000,1.09946,1.09939,1500000,1000000
2016-03-06 22:33:41.811000,1.09945,1.09939,1000000,1000000
2016-03-06 22:33:42.461000,1.09946,1.09939,1500000,1000000
2016-03-06 22:33:42.980000,1.09945,1.09939,1000000,1000000
2016-03-06 22:33:43.679000,1.09946,1.09939,1500000,1000000
2016-03-06 22:33:44.075000,1.09943,1.09939,1000000,1000000
2016-03-06 22:33:45.281000,1.09944,1.09939,1000000,1000000
2016-03-06 22:33:45.895000,1.09945,1.09939,1000000,1000000
2016-03-06 22:33:46.397000,1.09946,1.09939,1000000,1000000
2016-03-06 22:33:46.901000,1.09945,1.09939,1000000,1000000
2016-03-06 22:33:48.105000,1.09944,1.09939,1000000,1000000
2016-03-06 22:33:48.712000,1.09945,1.09939,1000000,1000000
2016-03-06 22:33:49.269000,1.09944,1.09939,1000000,1000000
2016-03-06 22:33:50.209000,1.09945,1.09939,1000000,1000000
2016-03-06 22:33:50.716000,1.09944,1.09939,1000000,1000000
2016-03-06 22:33:51.613000,1.09945,1.09939,1000000,1000000
2016-03-06 22:33:52.165000,1.09944,1.09939,1000000,1000000
2016-03-06 22:33:52.723000,1.09949,1.09940,1120000,1000000
2016-03-06 22:33:52.873000,1.09949,1.09945,1120000,1000000
2016-03-06 22:33:56.955000,1.09948,1.09945,1000000,1000000
2016-03-06 22:33:57.493000,1.09947,1.09945,1000000,1000000
2016-03-06 22:33:58.778000,1.09949,1.09946,1000000,1000000
2016-03-06 22:34:01.861000,1.09950,1.09946,4200000,1000000
2016-03-06 22:34:02.584000,1.09950,1.09945,4200000,1000000
2016-03-06 22:34:03.446000,1.09950,1.09946,2700000,1000000
2016-03-06 22:34:11.049000,1.09945,1.09943,1000000,1000000
2016-03-06 22:34:11.101000,1.09944,1.09938,1000000,1120000
2016-03-06 22:34:11.152000,1.09941,1.09938,1000000,1000000
2016-03-06 22:34:11.305000,1.09946,1.09938,1120000,1000000
2016-03-06 22:34:11.833000,1.09946,1.09939,1120000,1000000
2016-03-06 22:34:12.356000,1.09946,1.09938,1000000,1120000
2016-03-06 22:34:13.799000,1.09947,1.09938,1000000,1120000
2016-03-06 22:34:14.305000,1.09946,1.09938,1000000,1870000
2016-03-06 22:34:15.293000,1.09947,1.09938,1000000,1120000
2016-03-06 22:34:15.397000,1.09946,1.09938,1370000,1120000
2016-03-06 22:34:15.702000,1.09945,1.09938,2250000,1120000
2016-03-06 22:34:15.854000,1.09946,1.09938,1370000,1120000
2016-03-06 22:34:16.108000,1.09942,1.09937,1000000,4120000
2016-03-06 22:34:16.614000,1.09942,1.09937,1000000,4120000
2016-03-06 22:34:17.150000,1.09943,1.09937,1000000,3370000
2016-03-06 22:34:17.657000,1.09942,1.09937,1000000,3750000
2016-03-06 22:34:17.962000,1.09942,1.09938,1000000,1370000
2016-03-06 22:34:18.419000,1.09946,1.09938,1500000,1370000
2016-03-06 22:34:18.470000,1.09946,1.09937,1500000,4870000
2016-03-06 22:34:19.131000,1.09946,1.09937,1120000,4500000
2016-03-06 22:34:19.284000,1.09946,1.09938,1120000,1370000
2016-03-06 22:34:19.387000,1.09946,1.09937,1120000,4500000
2016-03-06 22:34:19.489000,1.09946,1.09938,1120000,1870000
2016-03-06 22:34:19.794000,1.09949,1.09944,2120000,1000000
2016-03-06 22:34:20.306000,1.09948,1.09944,1450000,1000000
2016-03-06 22:34:20.814000,1.09949,1.09944,2170000,1000000
2016-03-06 22:34:21.220000,1.09949,1.09945,1350000,1000000
2016-03-06 22:34:31.160000,1.09950,1.09946,1950000,1000000
2016-03-06 22:34:40.691000,1.09950,1.09946,1950000,1000000
2016-03-06 22:34:42.499000,1.09950,1.09946,1950000,1000000
2016-03-06 22:34:43.005000,1.09950,1.09945,1950000,1000000
2016-03-06 22:34:50.272000,1.09950,1.09946,1950000,1000000
2016-03-06 22:34:50.778000,1.09950,1.09945,2700000,1000000
2016-03-06 22:34:53.769000,1.09950,1.09946,1950000,1000000
2016-03-06 22:34:54.343000,1.09950,1.09945,1950000,1000000
2016-03-06 22:34:55.456000,1.09950,1.09946,2700000,1000000
2016-03-06 22:35:00.828000,1.09950,1.09946,2320000,1000000
2016-03-06 22:35:06.735000,1.09950,1.09945,2700000,1000000
2016-03-06 22:35:23.662000,1.09950,1.09948,1200000,1000000
2016-03-06 22:35:23.865000,1.09950,1.09945,1450000,1000000
2016-03-06 22:35:24.500000,1.09950,1.09945,1200000,1000000
2016-03-06 22:35:27.258000,1.09950,1.09945,1200000,1000000
2016-03-06 22:35:27.764000,1.09950,1.09945,1200000,1000000
2016-03-06 22:35:32.139000,1.09951,1.09945,2700000,1000000
2016-03-06 22:35:32.645000,1.09950,1.09945,1570000,1000000
2016-03-06 22:35:33.151000,1.09950,1.09945,1470000,1000000
2016-03-06 22:35:37.607000,1.09950,1.09945,1200000,1000000
2016-03-06 22:35:40.406000,1.09950,1.09945,1470000,1000000
2016-03-06 22:35:41.673000,1.09950,1.09945,1200000,1000000
2016-03-06 22:35:44.332000,1.09951,1.09945,1470000,2250000
2016-03-06 22:35:47.420000,1.09951,1.09946,1450000,1000000
2016-03-06 22:35:47.961000,1.09952,1.09946,1500000,1000000
2016-03-06 22:35:54.749000,1.09951,1.09946,1450000,1000000
2016-03-06 22:35:57.824000,1.09952,1.09946,1450000,1000000
2016-03-06 22:35:57.925000,1.09951,1.09946,1450000,1000000
2016-03-06 22:36:06.251000,1.09951,1.09946,1000000,1000000
2016-03-06 22:36:06.403000,1.09950,1.09946,1070000,1000000
2016-03-06 22:36:14.278000,1.09950,1.09946,1570000,1000000
2016-03-06 22:36:22.055000,1.09951,1.09946,1120000,1000000
2016-03-06 22:36:22.600000,1.09951,1.09946,1370000,1000000
2016-03-06 22:36:30.992000,1.09951,1.09946,1500000,1000000
2016-03-06 22:36:31.498000,1.09950,1.09946,1100000,1000000
2016-03-06 22:36:32.289000,1.09950,1.09946,1470000,1000000
2016-03-06 22:36:45.585000,1.09950,1.09946,1570000,1000000
2016-03-06 22:36:46.090000,1.09950,1.09946,1370000,1000000
2016-03-06 22:36:46.628000,1.09950,1.09946,1870000,1000000
2016-03-06 22:36:50.349000,1.09951,1.09946,1120000,1000000
2016-03-06 22:36:50.804000,1.09950,1.09946,1370000,1000000
2016-03-06 22:36:51.108000,1.09951,1.09946,1200000,1000000
2016-03-06 22:36:51.425000,1.09950,1.09946,1950000,1000000
2016-03-06 22:36:51.930000,1.09950,1.09946,1100000,1000000
2016-03-06 22:36:55.064000,1.09951,1.09946,1950000,1000000
2016-03-06 22:36:55.567000,1.09950,1.09946,1000000,1000000
2016-03-06 22:36:56.072000,1.09951,1.09946,1950000,1000000
2016-03-06 22:36:56.577000,1.09950,1.09946,1000000,1000000
2016-03-06 22:36:57.994000,1.09951,1.09946,1200000,1000000
2016-03-06 22:36:58.503000,1.09950,1.09946,1120000,1000000
2016-03-06 22:37:01.657000,1.09950,1.09946,1470000,1000000
2016-03-06 22:37:03.039000,1.09951,1.09946,1950000,1000000
2016-03-06 22:37:03.559000,1.09950,1.09946,1000000,1000000
2016-03-06 22:37:05.199000,1.09951,1.09946,1950000,1000000
2016-03-06 22:37:05.806000,1.09950,1.09946,1000000,1000000
2016-03-06 22:37:07.728000,1.09951,1.09946,1950000,1000000
2016-03-06 22:37:08.237000,1.09950,1.09946,1500000,1000000
2016-03-06 22:37:08.743000,1.09950,1.09946,1370000,1000000
2016-03-06 22:37:23.584000,1.09951,1.09946,1470000,1000000
2016-03-06 22:37:31.477000,1.09950,1.09946,1370000,1000000
2016-03-06 22:37:32.001000,1.09950,1.09946,1000000,1000000
2016-03-06 22:37:34.708000,1.09951,1.09946,1200000,1000000
2016-03-06 22:37:35.237000,1.09950,1.09946,1000000,1000000
2016-03-06 22:37:36.395000,1.09951,1.09946,1950000,1000000
2016-03-06 22:37:42.478000,1.09950,1.09946,1200000,1000000
2016-03-06 22:37:43.080000,1.09950,1.09946,1470000,1000000
2016-03-06 22:37:57.514000,1.09951,1.09946,1450000,1000000
2016-03-06 22:37:58.217000,1.09951,1.09946,1570000,1000000
2016-03-06 22:37:58.766000,1.09950,1.09946,1000000,1000000
2016-03-06 22:37:59.319000,1.09951,1.09946,1100000,1000000
2016-03-06 22:37:59.856000,1.09950,1.09946,1000000,1000000
2016-03-06 22:38:01.888000,1.09951,1.09946,1100000,1000000
2016-03-06 22:38:02.407000,1.09950,1.09946,1000000,1000000
2016-03-06 22:38:03.533000,1.09951,1.09946,1570000,1000000
2016-03-06 22:38:04.038000,1.09950,1.09946,1000000,1000000
2016-03-06 22:38:07.038000,1.09951,1.09946,1570000,1000000
2016-03-06 22:38:07.543000,1.09950,1.09946,1000000,1000000
2016-03-06 22:38:09.014000,1.09951,1.09946,1100000,1000000
2016-03-06 22:38:09.519000,1.09950,1.09946,1000000,1000000
2016-03-06 22:38:10.069000,1.09951,1.09946,1100000,1000000
2016-03-06 22:38:10.578000,1.09950,1.09946,1000000,1000000
2016-03-06 22:38:12.242000,1.09951,1.09946,1100000,1000000
2016-03-06 22:38:12.748000,1.09950,1.09946,1000000,1000000
2016-03-06 22:38:13.568000,1.09951,1.09946,1570000,1000000
2016-03-06 22:38:13.823000,1.09950,1.09946,1070000,1000000
2016-03-06 22:38:14.027000,1.09949,1.09941,1100000,1000000
2016-03-06 22:38:14.309000,1.09946,1.09941,1000000,1000000
2016-03-06 22:38:17.114000,1.09948,1.09941,1200000,1000000
2016-03-06 22:38:19.126000,1.09948,1.09941,1070000,1000000
2016-03-06 22:38:23.499000,1.09948,1.09941,1100000,1000000
2016-03-06 22:38:50.446000,1.09950,1.09941,1500000,1000000
2016-03-06 22:38:50.700000,1.09950,1.09941,3000000,1000000
2016-03-06 22:38:51.333000,1.09948,1.09941,1120000,1000000
2016-03-06 22:38:51.650000,1.09948,1.09941,1100000,1000000
2016-03-06 22:38:51.802000,1.09947,1.09941,1070000,1000000
2016-03-06 22:38:51.904000,1.09949,1.09941,1450000,1500000
2016-03-06 22:38:52.006000,1.09948,1.09941,1120000,1000000
2016-03-06 22:38:52.108000,1.09949,1.09942,1450000,1000000
2016-03-06 22:38:52.209000,1.09947,1.09941,1070000,1000000
2016-03-06 22:38:52.463000,1.09949,1.09941,1000000,1000000
2016-03-06 22:38:54.242000,1.09947,1.09941,1000000,1000000
2016-03-06 22:38:54.781000,1.09947,1.09941,1070000,1000000
2016-03-06 22:38:55.306000,1.09947,1.09941,1100000,1000000
2016-03-06 22:38:58.251000,1.09950,1.09941,1500000,1000000
2016-03-06 22:38:58.606000,1.09950,1.09941,2250000,1000000
2016-03-06 22:39:06.274000,1.09950,1.09941,1070000,1000000
2016-03-06 22:39:06.631000,1.09949,1.09942,1500000,1000000
2016-03-06 22:39:06.935000,1.09950,1.09941,4570000,1000000
2016-03-06 22:39:07.376000,1.09950,1.09941,2620000,1000000
2016-03-06 22:39:07.833000,1.09947,1.09941,1070000,1500000
2016-03-06 22:39:07.934000,1.09949,1.09941,1000000,1000000
2016-03-06 22:39:28.212000,1.09950,1.09941,1570000,1000000
2016-03-06 22:39:30.465000,1.09950,1.09940,1570000,1500000
2016-03-06 22:39:33.839000,1.09949,1.09940,1120000,1500000
2016-03-06 22:39:33.890000,1.09949,1.09940,1500000,1500000
2016-03-06 22:39:34.244000,1.09949,1.09940,1100000,1000000
2016-03-06 22:39:34.547000,1.09947,1.09940,1000000,1000000
2016-03-06 22:39:35.080000,1.09947,1.09940,1070000,1500000
2016-03-06 22:39:35.793000,1.09947,1.09940,1100000,1500000
2016-03-06 22:39:36.298000,1.09947,1.09940,1070000,1000000
2016-03-06 22:39:39.856000,1.09947,1.09940,1000000,1000000
2016-03-06 22:39:40.361000,1.09947,1.09940,1070000,1000000
2016-03-06 22:39:42.834000,1.09947,1.09940,1000000,1000000
2016-03-06 22:39:43.339000,1.09948,1.09940,1120000,1000000
2016-03-06 22:39:43.491000,1.09950,1.09940,1500000,1500000
2016-03-06 22:39:43.592000,1.09948,1.09941,1500000,1000000
2016-03-06 22:39:44.101000,1.09947,1.09940,1100000,1500000
2016-03-06 22:39:44.640000,1.09947,1.09940,1070000,1000000
2016-03-06 22:39:57.442000,1.09948,1.09940,1200000,1000000
2016-03-06 22:39:57.948000,1.09949,1.09941,1750000,1000000
2016-03-06 22:39:58.243000,1.09950,1.09941,1120000,1000000
2016-03-06 22:39:58.748000,1.09950,1.09940,2250000,1500000
2016-03-06 22:40:01.050000,1.09950,1.09941,1370000,1000000
2016-03-06 22:40:01.555000,1.09950,1.09940,2250000,1500000
2016-03-06 22:40:02.174000,1.09950,1.09941,1500000,1000000
2016-03-06 22:40:02.680000,1.09950,1.09940,1870000,1500000
2016-03-06 22:40:03.578000,1.09950,1.09941,1500000,1000000
2016-03-06 22:40:04.576000,1.09950,1.09940,1500000,1500000
2016-03-06 22:40:06.996000,1.09947,1.09940,1000000,1000000
2016-03-06 22:40:07.502000,1.09947,1.09940,1070000,1000000
2016-03-06 22:40:12.299000,1.09948,1.09940,1200000,1000000
2016-03-06 22:40:15.841000,1.09948,1.09940,1950000,1000000
2016-03-06 22:40:30.455000,1.09948,1.09938,1950000,2250000
2016-03-06 22:40:35.287000,1.09948,1.09941,1950000,1000000
2016-03-06 22:40:57.831000,1.09948,1.09941,2250000,1000000
2016-03-06 22:41:03.649000,1.09948,1.09941,2700000,1000000
2016-03-06 22:42:11.670000,1.09946,1.09944,1100000,1000000
2016-03-06 22:42:11.822000,1.09951,1.09946,3450000,1000000
2016-03-06 22:42:45.878000,1.09948,1.09942,1370000,1000000
2016-03-06 22:42:45.929000,1.09945,1.09942,3750000,1000000
2016-03-06 22:42:46.234000,1.09939,1.09938,1000000,1000000
2016-03-06 22:42:46.285000,1.09943,1.09938,1500000,1000000
2016-03-06 22:42:46.488000,1.09945,1.09938,2250000,1000000
2016-03-06 22:42:46.894000,1.09943,1.09938,1000000,1000000
2016-03-06 22:42:47.203000,1.09940,1.09938,1100000,1000000
2016-03-06 22:42:47.357000,1.09943,1.09938,1500000,1500000
2016-03-06 22:42:47.458000,1.09946,1.09938,1000000,1500000
2016-03-06 22:42:47.509000,1.09943,1.09937,1000000,1000000
2016-03-06 22:42:47.814000,1.09938,1.09936,1500000,1000000
2016-03-06 22:42:51.116000,1.09939,1.09936,1870000,1000000
2016-03-06 22:42:51.622000,1.09938,1.09936,1000000,1000000
2016-03-06 22:42:56.524000,1.09939,1.09936,1000000,1000000
2016-03-06 22:42:56.576000,1.09943,1.09935,1500000,1500000
2016-03-06 22:42:56.678000,1.09941,1.09933,1000000,1500000
2016-03-06 22:42:56.983000,1.09939,1.09933,1000000,1000000
2016-03-06 22:42:57.337000,1.09942,1.09933,1500000,1000000
2016-03-06 22:43:01.240000,1.09943,1.09933,2320000,1000000
2016-03-06 22:43:01.746000,1.09942,1.09934,1000000,1500000
2016-03-06 22:43:02.152000,1.09942,1.09938,1000000,1000000
2016-03-06 22:43:02.254000,1.09944,1.09938,1000000,1000000
2016-03-06 22:43:10.197000,1.09945,1.09938,1500000,1000000
2016-03-06 22:43:11.006000,1.09944,1.09938,1000000,1000000
2016-03-06 22:43:12.403000,1.09945,1.09938,1000000,1000000
2016-03-06 22:43:12.951000,1.09944,1.09938,1000000,1000000
2016-03-06 22:43:15.656000,1.09945,1.09938,1000000,1000000
2016-03-06 22:43:16.162000,1.09944,1.09938,1000000,1000000
2016-03-06 22:43:17.918000,1.09945,1.09938,1000000,1000000
2016-03-06 22:43:18.420000,1.09944,1.09938,1000000,1000000
2016-03-06 22:43:18.967000,1.09945,1.09938,1000000,1000000
2016-03-06 22:43:19.524000,1.09944,1.09938,1000000,1000000
2016-03-06 22:43:20.073000,1.09945,1.09938,1000000,1000000
2016-03-06 22:43:20.124000,1.09943,1.09938,1000000,1000000
2016-03-06 22:43:20.675000,1.09944,1.09938,1500000,1000000
2016-03-06 22:43:22.231000,1.09942,1.09938,1000000,1000000
2016-03-06 22:43:22.539000,1.09944,1.09938,1500000,1000000
2016-03-06 22:43:22.657000,1.09942,1.09938,1000000,1000000
2016-03-06 22:43:23.531000,1.09943,1.09938,1000000,1000000
2016-03-06 22:43:24.038000,1.09942,1.09938,1000000,1000000
2016-03-06 22:43:24.645000,1.09943,1.09938,1000000,1000000
2016-03-06 22:43:25.193000,1.09942,1.09938,1000000,1000000
2016-03-06 22:43:25.700000,1.09943,1.09938,1000000,1000000
2016-03-06 22:43:26.206000,1.09942,1.09938,1000000,1000000
2016-03-06 22:43:29.409000,1.09943,1.09938,1000000,1000000
2016-03-06 22:43:29.915000,1.09942,1.09938,1000000,1000000
2016-03-06 22:43:31.821000,1.09943,1.09938,1000000,1000000
2016-03-06 22:43:32.329000,1.09942,1.09938,1000000,1000000
2016-03-06 22:43:33.623000,1.09943,1.09938,1000000,1000000
2016-03-06 22:43:33.826000,1.09947,1.09941,1200000,1000000
2016-03-06 22:43:48.570000,1.09947,1.09944,1200000,1000000
2016-03-06 22:43:48.672000,1.09950,1.09945,1950000,1000000
2016-03-06 22:44:01.994000,1.09948,1.09941,1370000,1000000
2016-03-06 22:44:02.096000,1.09945,1.09941,1000000,1000000
2016-03-06 22:44:02.687000,1.09946,1.09941,1000000,1000000
2016-03-06 22:44:03.204000,1.09945,1.09941,1000000,1000000
2016-03-06 22:44:04.274000,1.09946,1.09941,1000000,1000000
2016-03-06 22:44:04.794000,1.09945,1.09941,1000000,1000000
2016-03-06 22:44:05.877000,1.09946,1.09941,1000000,1000000
2016-03-06 22:44:06.384000,1.09945,1.09941,1000000,1000000
2016-03-06 22:44:06.783000,1.09947,1.09941,1200000,1000000
2016-03-06 22:44:07.290000,1.09946,1.09941,1000000,1000000
2016-03-06 22:44:08.102000,1.09947,1.09941,1200000,1000000
2016-03-06 22:44:08.612000,1.09946,1.09941,1000000,1000000
2016-03-06 22:44:09.497000,1.09947,1.09941,1120000,1000000
2016-03-06 22:44:10.003000,1.09946,1.09941,1000000,1000000
2016-03-06 22:44:11.112000,1.09947,1.09941,1120000,1000000
2016-03-06 22:44:11.617000,1.09946,1.09941,1000000,1000000
2016-03-06 22:44:12.123000,1.09947,1.09941,1120000,1000000
2016-03-06 22:44:12.628000,1.09946,1.09941,1000000,1000000
2016-03-06 22:44:13.149000,1.09947,1.09941,1500000,1000000
2016-03-06 22:44:41.049000,1.09946,1.09940,1070000,1000000
2016-03-06 22:44:53.023000,1.09946,1.09940,1100000,1000000
2016-03-06 22:44:53.531000,1.09946,1.09940,1070000,1000000
2016-03-06 22:44:59.196000,1.09946,1.09940,1100000,1000000
2016-03-06 22:45:02.040000,1.09947,1.09940,1120000,1000000
2016-03-06 22:45:10.746000,1.09947,1.09940,1000000,1000000
2016-03-06 22:45:10.898000,1.09950,1.09940,1000000,1000000
2016-03-06 22:45:10.949000,1.09948,1.09940,1370000,1000000
2016-03-06 22:45:11.101000,1.09949,1.09940,1000000,1000000
2016-03-06 22:45:11.151000,1.09948,1.09940,1370000,1000000
2016-03-06 22:45:11.455000,1.09946,1.09941,1070000,1000000
2016-03-06 22:45:19.561000,1.09947,1.09941,1200000,1000000
2016-03-06 22:45:20.082000,1.09948,1.09941,2250000,1000000
2016-03-06 22:45:25.608000,1.09947,1.09941,1200000,1000000
2016-03-06 22:45:26.114000,1.09947,1.09941,1500000,1000000
2016-03-06 22:46:11.234000,1.09947,1.09941,1570000,1000000
2016-03-06 22:46:12.949000,1.09945,1.09941,1000000,1000000
2016-03-06 22:46:15.154000,1.09948,1.09941,1570000,1000000
2016-03-06 22:46:19.027000,1.09946,1.09941,1000000,1000000
2016-03-06 22:46:22.734000,1.09945,1.09941,1000000,1000000
2016-03-06 22:46:23.696000,1.09946,1.09943,1000000,1000000
2016-03-06 22:46:23.747000,1.09949,1.09944,2700000,1000000
2016-03-06 22:46:23.798000,1.09949,1.09945,1950000,1000000
2016-03-06 22:46:23.950000,1.09947,1.09945,1000000,1000000
2016-03-06 22:46:35.858000,1.09948,1.09945,1000000,1000000
2016-03-06 22:46:36.364000,1.09947,1.09945,1000000,1000000
2016-03-06 22:47:00.108000,1.09949,1.09945,1950000,1000000
2016-03-06 22:47:17.582000,1.09947,1.09945,1000000,1000000
2016-03-06 22:47:18.090000,1.09948,1.09945,1120000,1000000
2016-03-06 22:47:18.598000,1.09947,1.09945,1000000,1000000
2016-03-06 22:47:26.240000,1.09948,1.09946,1500000,1000000
2016-03-06 22:47:26.393000,1.09950,1.09946,1500000,1000000
2016-03-06 22:47:26.941000,1.09951,1.09946,1000000,1000000
2016-03-06 22:47:27.093000,1.09949,1.09946,1000000,1000000
2016-03-06 22:47:29.195000,1.09950,1.09946,1500000,1000000
2016-03-06 22:47:29.809000,1.09949,1.09946,1000000,1000000
2016-03-06 22:47:30.417000,1.09950,1.09946,1500000,1000000
2016-03-06 22:47:30.991000,1.09949,1.09946,1000000,1000000
2016-03-06 22:47:34.468000,1.09950,1.09946,1500000,1000000
2016-03-06 22:47:35.011000,1.09949,1.09946,1000000,1000000
2016-03-06 22:47:35.568000,1.09950,1.09946,1500000,1000000
2016-03-06 22:47:36.072000,1.09949,1.09946,1000000,1000000
2016-03-06 22:47:37.474000,1.09950,1.09946,1500000,1000000
2016-03-06 22:47:37.984000,1.09949,1.09946,1000000,1000000
2016-03-06 22:47:38.957000,1.09950,1.09946,1500000,1000000
2016-03-06 22:47:39.463000,1.09949,1.09946,1000000,1000000
2016-03-06 22:47:39.986000,1.09950,1.09946,1500000,1000000
2016-03-06 22:47:42.269000,1.09951,1.09946,1000000,1000000
2016-03-06 22:47:42.574000,1.09948,1.09946,1000000,1000000
2016-03-06 22:47:42.980000,1.09950,1.09946,1500000,1000000
2016-03-06 22:47:49.214000,1.09951,1.09946,1500000,1000000
2016-03-06 22:47:49.417000,1.09949,1.09948,1000000,1000000
2016-03-06 22:47:49.519000,1.09953,1.09948,1000000,1000000
2016-03-06 22:47:50.062000,1.09952,1.09948,1000000,1000000
2016-03-06 22:47:50.570000,1.09953,1.09948,1500000,1000000
2016-03-06 22:47:52.120000,1.09954,1.09948,2250000,1000000
2016-03-06 22:47:52.829000,1.09953,1.09948,1500000,1000000
2016-03-06 22:47:57.750000,1.09954,1.09948,1000000,1000000
2016-03-06 22:47:58.309000,1.09955,1.09948,3750000,1000000
2016-03-06 22:47:58.815000,1.09954,1.09948,1000000,1000000
2016-03-06 22:47:59.848000,1.09955,1.09948,3750000,1000000
2016-03-06 22:48:00.354000,1.09954,1.09948,1000000,1000000
2016-03-06 22:48:01.149000,1.09953,1.09948,1000000,1000000
2016-03-06 22:48:01.758000,1.09954,1.09948,1000000,1000000
2016-03-06 22:48:02.274000,1.09953,1.09948,1000000,1000000
2016-03-06 22:48:03.567000,1.09954,1.09948,1000000,1000000
2016-03-06 22:48:04.118000,1.09953,1.09948,1000000,1000000
2016-03-06 22:48:04.776000,1.09954,1.09948,1000000,1000000
2016-03-06 22:48:05.414000,1.09955,1.09948,2250000,1000000
2016-03-06 22:48:05.892000,1.09953,1.09948,1000000,1000000
2016-03-06 22:48:06.702000,1.09954,1.09948,1500000,1000000
2016-03-06 22:48:07.248000,1.09953,1.09948,1000000,1000000
2016-03-06 22:48:07.754000,1.09954,1.09948,1000000,1000000
2016-03-06 22:48:12.501000,1.09953,1.09948,1000000,1000000
2016-03-06 22:48:13.109000,1.09954,1.09948,1570000,1000000
2016-03-06 22:48:13.639000,1.09953,1.09948,1000000,1000000
2016-03-06 22:48:14.706000,1.09954,1.09948,1570000,1000000
2016-03-06 22:48:15.262000,1.09953,1.09948,1000000,1000000
2016-03-06 22:48:16.854000,1.09954,1.09948,3070000,1000000
2016-03-06 22:48:17.310000,1.09952,1.09948,1000000,1000000
2016-03-06 22:48:18.423000,1.09953,1.09948,1000000,1000000
2016-03-06 22:48:19.233000,1.09952,1.09948,1000000,1000000
2016-03-06 22:48:19.335000,1.09954,1.09948,2250000,1000000
2016-03-06 22:48:19.638000,1.09952,1.09948,1000000,1000000
2016-03-06 22:48:20.147000,1.09953,1.09948,2250000,1000000
2016-03-06 22:48:23.054000,1.09954,1.09948,3000000,1000000
2016-03-06 22:48:23.597000,1.09953,1.09948,2250000,1000000
2016-03-06 22:48:24.459000,1.09954,1.09948,3000000,1000000
2016-03-06 22:48:25.067000,1.09953,1.09948,2250000,1000000
2016-03-06 22:48:26.279000,1.09954,1.09948,3000000,1000000
2016-03-06 22:48:26.785000,1.09953,1.09948,2250000,1000000
2016-03-06 22:48:27.965000,1.09952,1.09948,1000000,1000000
2016-03-06 22:48:28.016000,1.09952,1.09943,1000000,2620000
2016-03-06 22:48:29.067000,1.09951,1.09943,1000000,1000000
2016-03-06 22:48:29.573000,1.09952,1.09943,2320000,1000000
2016-03-06 22:48:31.083000,1.09952,1.09942,3070000,1000000
2016-03-06 22:48:34.893000,1.09951,1.09942,1000000,1000000
2016-03-06 22:48:35.441000,1.09952,1.09942,3820000,1000000
2016-03-06 22:48:35.973000,1.09951,1.09942,1000000,1000000
2016-03-06 22:48:36.530000,1.09952,1.09942,2320000,1000000
2016-03-06 22:48:37.038000,1.09951,1.09942,1000000,1000000
2016-03-06 22:48:39.116000,1.09952,1.09942,2250000,1000000
2016-03-06 22:48:39.624000,1.09951,1.09942,1000000,1000000
2016-03-06 22:48:40.712000,1.09952,1.09942,1500000,1000000
2016-03-06 22:48:41.222000,1.09951,1.09942,1000000,1000000
2016-03-06 22:48:41.758000,1.09952,1.09942,1500000,1000000
2016-03-06 22:48:42.267000,1.09951,1.09942,1000000,1000000
2016-03-06 22:48:42.793000,1.09950,1.09942,1000000,1000000
2016-03-06 22:48:42.996000,1.09952,1.09942,3000000,1000000
2016-03-06 22:48:43.401000,1.09950,1.09942,1000000,1000000
2016-03-06 22:48:43.908000,1.09949,1.09942,1000000,1000000
2016-03-06 22:48:44.423000,1.09948,1.09942,1000000,1000000
2016-03-06 22:48:44.931000,1.09947,1.09942,1000000,1000000
2016-03-06 22:48:46.348000,1.09948,1.09942,1000000,1000000
2016-03-06 22:48:46.652000,1.09946,1.09942,1000000,1000000
2016-03-06 22:48:47.453000,1.09947,1.09942,1000000,1000000
2016-03-06 22:48:47.960000,1.09946,1.09942,1000000,1000000
2016-03-06 22:48:48.836000,1.09947,1.09942,1000000,1000000
2016-03-06 22:48:50.450000,1.09948,1.09942,1000000,1000000
2016-03-06 22:48:50.956000,1.09947,1.09942,1000000,1000000
2016-03-06 22:48:52.348000,1.09948,1.09942,1000000,1000000
2016-03-06 22:48:52.854000,1.09947,1.09942,1000000,1000000
2016-03-06 22:48:54.251000,1.09948,1.09942,1000000,1000000
2016-03-06 22:48:54.775000,1.09947,1.09942,1000000,1000000
2016-03-06 22:48:56.460000,1.09948,1.09942,1000000,1000000
2016-03-06 22:48:56.966000,1.09947,1.09942,1000000,1000000
2016-03-06 22:49:01.178000,1.09948,1.09942,1000000,1000000
2016-03-06 22:49:01.684000,1.09947,1.09942,1000000,1000000
2016-03-06 22:49:02.202000,1.09948,1.09942,1000000,1000000
2016-03-06 22:49:02.781000,1.09947,1.09942,1000000,1000000
2016-03-06 22:49:03.784000,1.09948,1.09942,1000000,1000000
2016-03-06 22:49:04.308000,1.09947,1.09942,1000000,1000000
2016-03-06 22:49:05.394000,1.09948,1.09942,1000000,1000000
2016-03-06 22:49:05.936000,1.09947,1.09942,1000000,1000000
2016-03-06 22:49:08.975000,1.09948,1.09942,1000000,1000000
2016-03-06 22:49:09.481000,1.09947,1.09942,1000000,1000000
2016-03-06 22:49:10.089000,1.09948,1.09942,1000000,1000000
2016-03-06 22:49:10.612000,1.09947,1.09942,1000000,1000000
2016-03-06 22:49:11.118000,1.09948,1.09942,1000000,1000000
2016-03-06 22:49:12.432000,1.09949,1.09942,1100000,1000000
2016-03-06 22:49:12.959000,1.09948,1.09942,1000000,1000000
2016-03-06 22:49:13.593000,1.09947,1.09942,1000000,1000000
2016-03-06 22:49:14.538000,1.09948,1.09942,1000000,1000000
2016-03-06 22:49:15.126000,1.09947,1.09942,1000000,1000000
2016-03-06 22:49:15.822000,1.09948,1.09942,1000000,1000000
2016-03-06 22:49:16.338000,1.09947,1.09942,1000000,1000000
2016-03-06 22:49:16.871000,1.09948,1.09942,1000000,1000000
2016-03-06 22:49:19.346000,1.09949,1.09942,1000000,1000000
2016-03-06 22:49:19.706000,1.09947,1.09942,1000000,1000000
2016-03-06 22:49:20.111000,1.09949,1.09942,2320000,1000000
2016-03-06 22:49:20.408000,1.09947,1.09942,1000000,1000000
2016-03-06 22:49:21.824000,1.09948,1.09942,1000000,1000000
2016-03-06 22:49:22.659000,1.09949,1.09942,1100000,1000000
2016-03-06 22:49:23.166000,1.09948,1.09942,1000000,1000000
2016-03-06 22:49:23.693000,1.09949,1.09942,2320000,1000000
2016-03-06 22:49:24.200000,1.09948,1.09942,1000000,1000000
2016-03-06 22:49:24.706000,1.09948,1.09939,1000000,1120000
2016-03-06 22:49:24.859000,1.09946,1.09939,1000000,1120000
2016-03-06 22:49:25.668000,1.09945,1.09939,1000000,1000000
2016-03-06 22:49:26.529000,1.09944,1.09939,1000000,1000000
2016-03-06 22:49:27.442000,1.09945,1.09939,1100000,1000000
2016-03-06 22:49:27.976000,1.09944,1.09939,1000000,1000000
2016-03-06 22:49:28.505000,1.09945,1.09939,1100000,1000000
2016-03-06 22:49:29.265000,1.09944,1.09939,1000000,1000000
2016-03-06 22:49:30.343000,1.09943,1.09939,1000000,1000000
2016-03-06 22:49:30.546000,1.09945,1.09939,1000000,1000000
2016-03-06 22:49:31.073000,1.09944,1.09939,1000000,1000000
2016-03-06 22:49:31.580000,1.09943,1.09939,1000000,1000000
2016-03-06 22:49:32.661000,1.09944,1.09939,1000000,1000000
2016-03-06 22:49:33.198000,1.09943,1.09939,1000000,1000000
2016-03-06 22:49:36.265000,1.09944,1.09939,1000000,1000000
2016-03-06 22:49:36.771000,1.09943,1.09939,1000000,1000000
2016-03-06 22:49:39.814000,1.09944,1.09939,1000000,1000000
2016-03-06 22:49:40.320000,1.09946,1.09939,1100000,1500000
2016-03-06 22:49:40.866000,1.09945,1.09939,1000000,1500000
2016-03-06 22:49:41.726000,1.09946,1.09939,1000000,1500000
2016-03-06 22:49:42.242000,1.09945,1.09939,1000000,1500000
2016-03-06 22:49:43.245000,1.09944,1.09939,1000000,1500000
2016-03-06 22:49:44.553000,1.09943,1.09939,1000000,1500000
2016-03-06 22:49:44.958000,1.09946,1.09939,1100000,1500000
2016-03-06 22:49:45.061000,1.09943,1.09939,1000000,1500000
2016-03-06 22:49:45.602000,1.09944,1.09939,1000000,1500000
2016-03-06 22:49:46.206000,1.09943,1.09939,1000000,1500000
2016-03-06 22:49:46.756000,1.09944,1.09939,1000000,1500000
2016-03-06 22:49:47.263000,1.09945,1.09939,1000000,1500000
2016-03-06 22:49:47.861000,1.09944,1.09939,1000000,1500000
2016-03-06 22:49:48.484000,1.09943,1.09939,1000000,1000000
2016-03-06 22:49:48.686000,1.09945,1.09939,1000000,1000000
2016-03-06 22:49:49.192000,1.09944,1.09939,1000000,1000000
2016-03-06 22:49:50.217000,1.09947,1.09944,1070000,1000000
2016-03-06 22:49:50.319000,1.09948,1.09944,2320000,1000000
2016-03-06 22:49:50.845000,1.09947,1.09944,1000000,1000000
2016-03-06 22:49:51.223000,1.09946,1.09941,1000000,1500000
2016-03-06 22:49:52.931000,1.09947,1.09941,1000000,1000000
2016-03-06 22:49:53.437000,1.09946,1.09941,1000000,1000000
2016-03-06 22:49:53.792000,1.09945,1.09939,1000000,1120000
2016-03-06 22:49:54.345000,1.09944,1.09939,1000000,1000000
2016-03-06 22:49:54.954000,1.09945,1.09939,1000000,1000000
2016-03-06 22:49:55.460000,1.09944,1.09939,1000000,1000000
2016-03-06 22:49:56.020000,1.09944,1.09937,1000000,5250000
2016-03-06 22:49:56.946000,1.09945,1.09937,1000000,1000000
2016-03-06 22:49:57.452000,1.09944,1.09937,1000000,1500000
2016-03-06 22:49:58.083000,1.09945,1.09937,1000000,1500000
2016-03-06 22:49:58.589000,1.09944,1.09937,1000000,1500000
2016-03-06 22:49:59.298000,1.09945,1.09937,1000000,1500000
2016-03-06 22:49:59.859000,1.09944,1.09937,1000000,1500000
2016-03-06 22:50:00.567000,1.09945,1.09937,1000000,1500000
2016-03-06 22:50:01.109000,1.09944,1.09937,1000000,1500000
2016-03-06 22:50:02.062000,1.09945,1.09937,1000000,1500000
2016-03-06 22:50:02.739000,1.09944,1.09937,1000000,1500000
2016-03-06 22:50:03.408000,1.09945,1.09937,1000000,1500000
2016-03-06 22:50:04.016000,1.09944,1.09937,1000000,1500000
2016-03-06 22:50:04.643000,1.09945,1.09937,1000000,1500000
2016-03-06 22:50:05.167000,1.09944,1.09937,1000000,1000000
2016-03-06 22:50:06.323000,1.09944,1.09938,1000000,1000000
2016-03-06 22:50:07.494000,1.09945,1.09938,1000000,1000000
2016-03-06 22:50:08.040000,1.09944,1.09938,1000000,1000000
2016-03-06 22:50:10.807000,1.09945,1.09938,1000000,1000000
2016-03-06 22:50:11.354000,1.09944,1.09938,1000000,1000000
2016-03-06 22:50:13.121000,1.09945,1.09938,1000000,1000000
2016-03-06 22:50:13.628000,1.09944,1.09938,1000000,1000000
2016-03-06 22:50:14.529000,1.09945,1.09938,1000000,1000000
2016-03-06 22:50:15.220000,1.09944,1.09938,1000000,1000000
2016-03-06 22:50:15.800000,1.09945,1.09938,1000000,1000000
2016-03-06 22:50:16.364000,1.09944,1.09938,1000000,1000000
2016-03-06 22:50:16.945000,1.09945,1.09938,1000000,1000000
2016-03-06 22:50:17.451000,1.09944,1.09938,1000000,1000000
2016-03-06 22:50:20.866000,1.09945,1.09938,1000000,1000000
2016-03-06 22:50:21.451000,1.09945,1.09937,1000000,1000000
2016-03-06 22:50:21.624000,1.09942,1.09937,1000000,1000000
2016-03-06 22:50:22.130000,1.09942,1.09936,1000000,1500000
2016-03-06 22:50:22.992000,1.09943,1.09936,1000000,1500000
2016-03-06 22:50:23.094000,1.09945,1.09937,1100000,1000000
2016-03-06 22:50:23.598000,1.09945,1.09936,1570000,1500000
2016-03-06 22:50:24.104000,1.09944,1.09936,1000000,1500000
2016-03-06 22:50:25.317000,1.09945,1.09936,1570000,1500000
2016-03-06 22:50:25.823000,1.09944,1.09936,1000000,1500000
2016-03-06 22:50:27.603000,1.09945,1.09936,1570000,1500000
2016-03-06 22:50:28.109000,1.09944,1.09936,1000000,1500000
2016-03-06 22:50:29.005000,1.09945,1.09936,1570000,1500000
2016-03-06 22:50:29.511000,1.09943,1.09936,1000000,1500000
2016-03-06 22:50:33.308000,1.09944,1.09936,1000000,1500000
2016-03-06 22:50:33.842000,1.09943,1.09936,1000000,1500000
2016-03-06 22:50:34.352000,1.09944,1.09936,1000000,1500000
2016-03-06 22:50:34.891000,1.09943,1.09936,1000000,1500000
2016-03-06 22:50:35.450000,1.09944,1.09936,1000000,1500000
2016-03-06 22:50:35.992000,1.09943,1.09936,1000000,1500000
2016-03-06 22:50:36.635000,1.09944,1.09936,1000000,1500000
2016-03-06 22:50:37.142000,1.09943,1.09936,1000000,1500000
2016-03-06 22:50:37.647000,1.09941,1.09935,1000000,1500000
2016-03-06 22:50:37.951000,1.09943,1.09934,1500000,1870000
2016-03-06 22:50:38.462000,1.09943,1.09935,1000000,1000000
2016-03-06 22:50:39.048000,1.09944,1.09935,1500000,1000000
2016-03-06 22:50:39.515000,1.09942,1.09935,1000000,1000000
2016-03-06 22:50:42.248000,1.09941,1.09935,1000000,1120000
2016-03-06 22:50:42.491000,1.09938,1.09931,1000000,1200000
2016-03-06 22:50:42.597000,1.09938,1.09928,1000000,4870000
2016-03-06 22:50:42.749000,1.09938,1.09932,3070000,1000000
2016-03-06 22:50:43.054000,1.09943,1.09939,1870000,1370000
2016-03-06 22:50:43.292000,1.09941,1.09939,2250000,1000000
2016-03-06 22:50:43.394000,1.09940,1.09936,1500000,1000000
2016-03-06 22:50:43.445000,1.09938,1.09935,1000000,1000000
2016-03-06 22:50:43.496000,1.09938,1.09932,1000000,1000000
2016-03-06 22:50:43.598000,1.09937,1.09930,1000000,1500000
2016-03-06 22:50:43.649000,1.09939,1.09930,1000000,1870000
2016-03-06 22:50:43.856000,1.09941,1.09938,1000000,1370000
2016-03-06 22:50:44.160000,1.09939,1.09937,1070000,1870000
2016-03-06 22:50:44.261000,1.09940,1.09934,1450000,1000000
2016-03-06 22:50:44.312000,1.09940,1.09932,1070000,1500000
2016-03-06 22:50:44.414000,1.09940,1.09932,3750000,1000000
2016-03-06 22:50:44.920000,1.09941,1.09933,2320000,1000000
2016-03-06 22:50:45.454000,1.09940,1.09933,1500000,1000000
2016-03-06 22:50:47.431000,1.09938,1.09933,1000000,1000000
2016-03-06 22:50:47.583000,1.09940,1.09933,1570000,1000000
2016-03-06 22:50:49.040000,1.09938,1.09931,1000000,1000000
2016-03-06 22:50:50.002000,1.09939,1.09931,1100000,1000000
2016-03-06 22:50:52.669000,1.09938,1.09931,1000000,1000000
2016-03-06 22:50:53.181000,1.09940,1.09931,1570000,1000000
2016-03-06 22:50:53.687000,1.09938,1.09931,1100000,1000000
2016-03-06 22:50:54.229000,1.09937,1.09931,1000000,1000000
2016-03-06 22:50:56.481000,1.09938,1.09931,1100000,1000000
2016-03-06 22:51:02.458000,1.09938,1.09929,1100000,1120000
2016-03-06 22:51:02.509000,1.09935,1.09929,1000000,1000000
2016-03-06 22:51:02.712000,1.09934,1.09927,1000000,1000000
2016-03-06 22:51:03.216000,1.09933,1.09926,1000000,1000000
2016-03-06 22:51:03.825000,1.09932,1.09926,1000000,1000000
2016-03-06 22:51:04.842000,1.09933,1.09926,1000000,1000000
2016-03-06 22:51:05.348000,1.09932,1.09926,1000000,1000000
2016-03-06 22:51:06.006000,1.09933,1.09926,1000000,1000000
2016-03-06 22:51:06.517000,1.09934,1.09926,1000000,1000000
2016-03-06 22:51:07.047000,1.09933,1.09926,1000000,1000000
2016-03-06 22:51:07.850000,1.09933,1.09925,1000000,1500000
2016-03-06 22:51:08.064000,1.09933,1.09925,1000000,4870000
2016-03-06 22:51:08.166000,1.09932,1.09927,1000000,1000000
2016-03-06 22:51:08.217000,1.09934,1.09927,1000000,1000000
2016-03-06 22:51:08.318000,1.09932,1.09927,1000000,1000000
2016-03-06 22:51:08.622000,1.09936,1.09927,1500000,1000000
2016-03-06 22:51:08.826000,1.09936,1.09929,1000000,1000000
2016-03-06 22:51:09.130000,1.09933,1.09927,1000000,1000000
2016-03-06 22:51:09.645000,1.09934,1.09926,1000000,1000000
2016-03-06 22:51:09.961000,1.09931,1.09924,1000000,1000000
2016-03-06 22:51:10.670000,1.09932,1.09924,1100000,1000000
2016-03-06 22:51:11.215000,1.09931,1.09924,1000000,1500000
2016-03-06 22:51:12.380000,1.09930,1.09924,1000000,1500000
2016-03-06 22:51:12.881000,1.09931,1.09924,1000000,1500000
2016-03-06 22:51:13.034000,1.09933,1.09924,1870000,1500000
2016-03-06 22:51:13.540000,1.09933,1.09925,1200000,1000000
2016-03-06 22:51:14.090000,1.09932,1.09924,1100000,1500000
2016-03-06 22:51:14.598000,1.09931,1.09924,1000000,1500000
2016-03-06 22:51:15.565000,1.09932,1.09924,1100000,1500000
2016-03-06 22:51:16.276000,1.09933,1.09924,1950000,1500000
2016-03-06 22:51:16.782000,1.09932,1.09924,1000000,1500000
2016-03-06 22:51:17.297000,1.09931,1.09924,1000000,1500000
2016-03-06 22:51:18.282000,1.09932,1.09924,1000000,1500000
2016-03-06 22:51:18.883000,1.09931,1.09924,1000000,1500000
2016-03-06 22:51:19.799000,1.09932,1.09924,1000000,1500000
2016-03-06 22:51:19.918000,1.09931,1.09922,1000000,1500000
2016-03-06 22:51:20.438000,1.09932,1.09922,1100000,2620000
2016-03-06 22:51:20.592000,1.09933,1.09924,1120000,1000000
2016-03-06 22:51:20.947000,1.09934,1.09924,1100000,1500000
2016-03-06 22:51:21.099000,1.09932,1.09924,1000000,1000000
2016-03-06 22:51:21.768000,1.09933,1.09924,1000000,1000000
2016-03-06 22:51:22.882000,1.09934,1.09924,1000000,1000000
2016-03-06 22:51:23.418000,1.09935,1.09924,1100000,1500000
2016-03-06 22:51:24.961000,1.09933,1.09924,1000000,1000000
2016-03-06 22:51:25.491000,1.09931,1.09924,1000000,1000000
2016-03-06 22:51:25.997000,1.09932,1.09923,1120000,1000000
2016-03-06 22:51:27.704000,1.09930,1.09923,1000000,1000000
2016-03-06 22:51:28.823000,1.09931,1.09923,1100000,1000000
2016-03-06 22:51:29.329000,1.09930,1.09923,1000000,1000000
2016-03-06 22:51:30.101000,1.09929,1.09923,1000000,1000000
2016-03-06 22:51:30.304000,1.09931,1.09923,1100000,1000000
2016-03-06 22:51:30.810000,1.09930,1.09923,1500000,1000000
2016-03-06 22:51:32.811000,1.09929,1.09923,1000000,1000000
2016-03-06 22:51:33.323000,1.09930,1.09923,1000000,1000000
2016-03-06 22:51:35.973000,1.09930,1.09922,1500000,1000000
2016-03-06 22:51:43.577000,1.09931,1.09922,1570000,1000000
2016-03-06 22:51:44.083000,1.09930,1.09922,1500000,1000000
2016-03-06 22:51:45.659000,1.09930,1.09921,1500000,1650000
2016-03-06 22:51:45.761000,1.09928,1.09920,1000000,2550000
2016-03-06 22:51:46.267000,1.09928,1.09920,1100000,1800000
2016-03-06 22:51:46.775000,1.09927,1.09920,1100000,1800000
2016-03-06 22:51:47.333000,1.09928,1.09920,1870000,1350000
2016-03-06 22:51:47.840000,1.09927,1.09919,1100000,1950000
2016-03-06 22:51:49.290000,1.09928,1.09920,1950000,1050000
2016-03-06 22:51:49.813000,1.09926,1.09920,1000000,1350000
2016-03-06 22:51:50.339000,1.09927,1.09920,1100000,1150000
2016-03-06 22:51:51,1.09928,1.09920,1950000,1050000
2016-03-06 22:51:51.525000,1.09927,1.09920,1100000,1350000
2016-03-06 22:51:52.372000,1.09926,1.09920,1000000,1350000
2016-03-06 22:51:52.911000,1.09927,1.09919,1000000,1950000
2016-03-06 22:51:53.417000,1.09926,1.09920,1000000,1350000
2016-03-06 22:51:53.923000,1.09925,1.09920,1000000,1150000
2016-03-06 22:51:54.096000,1.09924,1.09917,1500000,2250000
2016-03-06 22:51:54.605000,1.09923,1.09917,1000000,1500000
2016-03-06 22:51:54.909000,1.09925,1.09917,2250000,1000000
2016-03-06 22:51:55.011000,1.09923,1.09917,1000000,1500000
2016-03-06 22:51:55.710000,1.09924,1.09917,1500000,1000000
2016-03-06 22:51:56.251000,1.09923,1.09917,1000000,1500000
2016-03-06 22:51:57.234000,1.09924,1.09917,1500000,1000000
2016-03-06 22:51:57.740000,1.09923,1.09917,1000000,1500000
2016-03-06 22:51:58.348000,1.09924,1.09917,1500000,1000000
2016-03-06 22:51:58.885000,1.09923,1.09917,1000000,1500000
2016-03-06 22:51:59.391000,1.09924,1.09917,1500000,1500000
2016-03-06 22:52:04.716000,1.09923,1.09917,1000000,1500000
2016-03-06 22:52:05.284000,1.09924,1.09917,1100000,1000000
2016-03-06 22:52:05.792000,1.09923,1.09917,1000000,1500000
2016-03-06 22:52:06.299000,1.09924,1.09917,1000000,2250000
2016-03-06 22:52:06.823000,1.09925,1.09917,3750000,2250000
2016-03-06 22:52:10.594000,1.09926,1.09917,3750000,1500000
2016-03-06 22:52:11.102000,1.09925,1.09917,3000000,3000000
2016-03-06 22:52:18.153000,1.09924,1.09917,1000000,2250000
2016-03-06 22:52:19.724000,1.09925,1.09917,2250000,1500000
2016-03-06 22:52:27.390000,1.09924,1.09917,1000000,2250000
2016-03-06 22:52:28.299000,1.09925,1.09917,4500000,2250000
2016-03-06 22:52:29.987000,1.09924,1.09917,1000000,2250000
2016-03-06 22:52:30.588000,1.09925,1.09917,4500000,3000000
2016-03-06 22:52:31.110000,1.09924,1.09917,1000000,2250000
2016-03-06 22:52:31.631000,1.09924,1.09916,1500000,1000000
2016-03-06 22:52:39.410000,1.09923,1.09916,1000000,1000000
2016-03-06 22:52:40.018000,1.09924,1.09916,1000000,1500000
2016-03-06 22:52:44.103000,1.09924,1.09915,1500000,4500000
2016-03-06 22:52:44.651000,1.09924,1.09916,1500000,1000000
2016-03-06 22:52:45.526000,1.09924,1.09915,1000000,3750000
2016-03-06 22:52:46.033000,1.09924,1.09916,1500000,1000000
2016-03-06 22:52:47.436000,1.09924,1.09915,1000000,4500000
2016-03-06 22:52:47.966000,1.09924,1.09916,1500000,1000000
2016-03-06 22:52:49.347000,1.09924,1.09915,1000000,4500000
2016-03-06 22:52:49.894000,1.09924,1.09916,1500000,1000000
2016-03-06 22:52:50.398000,1.09924,1.09917,1500000,1500000
2016-03-06 22:52:50.449000,1.09928,1.09918,1500000,1000000
2016-03-06 22:52:50.500000,1.09928,1.09920,1500000,1000000
2016-03-06 22:52:50.653000,1.09930,1.09920,1000000,1500000
2016-03-06 22:52:50.924000,1.09931,1.09922,1000000,1000000
2016-03-06 22:52:52.055000,1.09932,1.09922,1500000,1000000
2016-03-06 22:52:52.579000,1.09931,1.09920,1000000,2620000
2016-03-06 22:52:52.681000,1.09932,1.09922,1500000,1500000
2016-03-06 22:53:07.898000,1.09932,1.09923,1500000,1000000
2016-03-06 22:53:10.173000,1.09932,1.09922,1000000,1500000
2016-03-06 22:53:12.735000,1.09931,1.09922,1000000,1000000
2016-03-06 22:53:13.474000,1.09932,1.09922,1500000,1000000
2016-03-06 22:53:16.293000,1.09932,1.09920,1000000,1950000
2016-03-06 22:53:16.395000,1.09928,1.09921,1000000,1000000
2016-03-06 22:53:16.901000,1.09929,1.09920,1500000,1500000
2016-03-06 22:53:17.406000,1.09928,1.09920,1000000,2250000
2016-03-06 22:53:18.663000,1.09929,1.09920,1500000,1500000
2016-03-06 22:53:19.177000,1.09928,1.09920,1000000,2250000
2016-03-06 22:53:20.286000,1.09929,1.09920,1500000,1500000
2016-03-06 22:53:20.895000,1.09928,1.09920,1000000,2250000
2016-03-06 22:53:22.903000,1.09929,1.09920,1500000,1500000
2016-03-06 22:53:23.412000,1.09928,1.09920,1000000,2250000
2016-03-06 22:53:25.214000,1.09929,1.09920,1500000,1500000
2016-03-06 22:53:25.720000,1.09928,1.09920,1000000,2250000
2016-03-06 22:53:26.438000,1.09929,1.09920,1500000,1500000
2016-03-06 22:53:26.945000,1.09928,1.09921,1000000,1000000
2016-03-06 22:53:27.706000,1.09929,1.09921,2250000,1000000
2016-03-06 22:53:28.308000,1.09928,1.09921,1000000,1000000
2016-03-06 22:53:28.359000,1.09928,1.09919,1000000,1500000
2016-03-06 22:53:28.887000,1.09927,1.09919,1000000,2250000
2016-03-06 22:53:30.620000,1.09928,1.09919,1000000,2250000
2016-03-06 22:53:31.162000,1.09927,1.09919,1000000,2250000
2016-03-06 22:53:32.670000,1.09927,1.09920,1000000,1000000
2016-03-06 22:53:33.246000,1.09928,1.09920,1500000,1000000
2016-03-06 22:53:33.760000,1.09927,1.09920,1000000,1000000
2016-03-06 22:53:34.267000,1.09926,1.09919,1000000,1000000
2016-03-06 22:53:34.774000,1.09927,1.09919,1000000,1000000
2016-03-06 22:53:35.081000,1.09925,1.09919,1000000,1000000
2016-03-06 22:53:35.790000,1.09926,1.09919,1000000,1000000
2016-03-06 22:53:36.297000,1.09925,1.09919,1000000,1000000
2016-03-06 22:53:36.970000,1.09926,1.09919,1000000,1000000
2016-03-06 22:53:37.476000,1.09925,1.09919,1000000,1000000
2016-03-06 22:53:38.104000,1.09926,1.09919,1000000,1000000
2016-03-06 22:53:38.611000,1.09925,1.09919,1000000,1000000
2016-03-06 22:53:39.574000,1.09925,1.09918,1000000,1500000
2016-03-06 22:53:40.090000,1.09925,1.09919,1000000,1000000
2016-03-06 22:53:40.697000,1.09924,1.09919,1000000,1000000
2016-03-06 22:53:41.778000,1.09926,1.09919,1000000,1000000
2016-03-06 22:53:42.285000,1.09925,1.09919,1000000,1000000
2016-03-06 22:53:43.830000,1.09926,1.09919,1000000,1000000
2016-03-06 22:53:44.337000,1.09925,1.09919,1000000,1000000
2016-03-06 22:53:44.841000,1.09924,1.09919,1000000,1000000
2016-03-06 22:53:45.195000,1.09926,1.09919,1000000,1000000
2016-03-06 22:53:45.702000,1.09925,1.09919,1000000,1000000
2016-03-06 22:53:47.498000,1.09926,1.09919,1000000,1000000
2016-03-06 22:53:47.600000,1.09924,1.09918,1000000,1500000
2016-03-06 22:53:48.137000,1.09925,1.09919,1000000,1000000
2016-03-06 22:53:49.665000,1.09926,1.09919,1000000,1000000
2016-03-06 22:53:50.172000,1.09925,1.09919,1000000,1000000
2016-03-06 22:53:51.772000,1.09926,1.09919,1000000,1000000
2016-03-06 22:53:52.296000,1.09925,1.09919,1000000,1000000
2016-03-06 22:53:53.004000,1.09925,1.09918,1000000,1500000
2016-03-06 22:53:55.223000,1.09926,1.09918,1000000,1000000
2016-03-06 22:53:55.808000,1.09925,1.09918,1000000,1000000
2016-03-06 22:53:57.112000,1.09926,1.09918,1000000,1000000
2016-03-06 22:53:57.615000,1.09925,1.09918,1000000,1000000
2016-03-06 22:53:59.020000,1.09926,1.09918,1000000,1000000
2016-03-06 22:53:59.572000,1.09925,1.09918,1000000,1000000
2016-03-06 22:54:00.333000,1.09924,1.09918,1000000,1000000
2016-03-06 22:54:00.839000,1.09925,1.09918,1000000,1000000
2016-03-06 22:54:02.769000,1.09926,1.09918,1000000,1000000
2016-03-06 22:54:03.732000,1.09925,1.09918,1000000,1000000
2016-03-06 22:54:04.555000,1.09926,1.09918,1000000,1000000
2016-03-06 22:54:05.097000,1.09925,1.09918,1000000,1000000
2016-03-06 22:54:06.670000,1.09926,1.09918,1000000,1000000
2016-03-06 22:54:07.379000,1.09927,1.09918,1000000,1000000
2016-03-06 22:54:07.995000,1.09926,1.09918,1000000,1000000
2016-03-06 22:54:09.158000,1.09927,1.09918,1000000,1000000
2016-03-06 22:54:09.678000,1.09926,1.09918,1000000,1000000
2016-03-06 22:54:10.504000,1.09925,1.09918,1000000,1000000
2016-03-06 22:54:11.010000,1.09926,1.09918,1000000,1000000
2016-03-06 22:54:11.516000,1.09925,1.09918,1000000,1000000
2016-03-06 22:54:12.072000,1.09926,1.09918,1000000,1000000
2016-03-06 22:54:12.579000,1.09925,1.09918,1000000,1000000
2016-03-06 22:54:13.118000,1.09925,1.09916,1000000,1000000
2016-03-06 22:54:13.373000,1.09923,1.09917,1000000,1000000
2016-03-06 22:54:14.286000,1.09924,1.09917,1000000,1000000
2016-03-06 22:54:14.794000,1.09923,1.09917,1000000,1000000
2016-03-06 22:54:16.195000,1.09924,1.09917,1000000,1000000
2016-03-06 22:54:16.701000,1.09923,1.09917,1000000,1000000
2016-03-06 22:54:18.414000,1.09924,1.09917,1000000,1000000
2016-03-06 22:54:18.920000,1.09923,1.09917,1000000,1000000
2016-03-06 22:54:20.339000,1.09922,1.09917,1000000,1000000
2016-03-06 22:54:20.844000,1.09923,1.09917,1000000,1000000
2016-03-06 22:54:21.366000,1.09923,1.09916,1000000,1000000
2016-03-06 22:54:21.872000,1.09923,1.09917,1000000,1000000
2016-03-06 22:54:26.655000,1.09924,1.09917,1000000,1000000
2016-03-06 22:54:27.161000,1.09923,1.09917,1000000,1000000
2016-03-06 22:54:28.521000,1.09924,1.09917,1000000,1000000
2016-03-06 22:54:29.069000,1.09923,1.09917,1000000,1000000
2016-03-06 22:54:30.324000,1.09924,1.09917,1000000,1000000
2016-03-06 22:54:30.920000,1.09923,1.09917,1000000,1000000
2016-03-06 22:54:32.046000,1.09924,1.09917,1000000,1000000
2016-03-06 22:54:32.567000,1.09923,1.09917,1000000,1000000
2016-03-06 22:54:33.392000,1.09923,1.09915,1000000,2250000
2016-03-06 22:54:34.478000,1.09921,1.09915,1000000,1000000
2016-03-06 22:54:34.579000,1.09923,1.09916,1500000,1500000
2016-03-06 22:54:34.681000,1.09922,1.09919,1000000,1000000
2016-03-06 22:54:34.884000,1.09924,1.09918,1000000,1000000
2016-03-06 22:54:35.391000,1.09924,1.09919,1000000,1000000
2016-03-06 22:54:35.552000,1.09926,1.09918,1000000,1000000
2016-03-06 22:54:35.858000,1.09924,1.09918,1000000,1000000
2016-03-06 22:54:36.263000,1.09926,1.09919,1000000,1000000
2016-03-06 22:54:36.769000,1.09926,1.09918,1000000,1000000
2016-03-06 22:54:37.301000,1.09925,1.09918,1000000,1000000
2016-03-06 22:54:37.807000,1.09926,1.09918,1000000,1000000
2016-03-06 22:54:38.313000,1.09925,1.09918,1000000,1000000
2016-03-06 22:54:38.693000,1.09927,1.09918,1000000,1000000
2016-03-06 22:54:39.199000,1.09926,1.09918,1000000,1500000
2016-03-06 22:54:39.959000,1.09927,1.09918,1000000,1000000
2016-03-06 22:54:40.464000,1.09926,1.09918,1000000,1500000
2016-03-06 22:54:40.970000,1.09926,1.09919,1000000,1000000
2016-03-06 22:54:41.476000,1.09927,1.09919,1000000,1000000
2016-03-06 22:54:42.303000,1.09928,1.09919,1500000,1000000
2016-03-06 22:54:42.809000,1.09927,1.09919,1000000,1000000
2016-03-06 22:54:44.612000,1.09927,1.09918,1000000,1500000
2016-03-06 22:54:45.208000,1.09927,1.09919,1000000,1500000
2016-03-06 22:54:45.816000,1.09928,1.09919,1000000,1000000
2016-03-06 22:54:46.577000,1.09929,1.09919,2250000,1000000
2016-03-06 22:54:47.091000,1.09928,1.09919,1000000,1500000
2016-03-06 22:54:47.597000,1.09929,1.09919,2250000,1500000
2016-03-06 22:54:48.116000,1.09927,1.09919,1000000,1500000
2016-03-06 22:54:49.095000,1.09928,1.09919,1000000,1000000
2016-03-06 22:54:49.601000,1.09927,1.09918,1000000,1500000
2016-03-06 22:54:50.026000,1.09928,1.09920,1000000,1000000
2016-03-06 22:54:50.128000,1.09927,1.09918,1000000,1500000
2016-03-06 22:54:50.635000,1.09927,1.09919,1000000,1000000
2016-03-06 22:54:52.412000,1.09928,1.09919,1000000,1000000
2016-03-06 22:54:52.918000,1.09927,1.09919,1000000,1500000
2016-03-06 22:54:54.015000,1.09928,1.09919,1000000,1000000
2016-03-06 22:54:54.556000,1.09927,1.09918,1000000,1500000
2016-03-06 22:54:55.137000,1.09927,1.09919,1000000,1000000
2016-03-06 22:54:55.745000,1.09928,1.09919,1000000,1000000
2016-03-06 22:54:56.285000,1.09927,1.09919,1000000,1500000
2016-03-06 22:54:56.847000,1.09928,1.09919,1000000,1000000
2016-03-06 22:54:57.395000,1.09927,1.09919,1000000,1500000
2016-03-06 22:54:58.442000,1.09928,1.09919,1000000,1500000
2016-03-06 22:54:58.957000,1.09927,1.09919,1000000,1500000
2016-03-06 22:55:00.320000,1.09929,1.09918,1500000,1500000
2016-03-06 22:55:00.838000,1.09928,1.09919,1000000,1500000
2016-03-06 22:55:01.546000,1.09927,1.09919,1000000,1000000
2016-03-06 22:55:02.054000,1.09926,1.09919,1000000,1000000
2016-03-06 22:55:02.693000,1.09922,1.09916,1000000,1500000
2016-03-06 22:55:02.796000,1.09924,1.09916,1500000,1500000
2016-03-06 22:55:03.355000,1.09923,1.09916,1000000,1500000
2016-03-06 22:55:05.176000,1.09924,1.09916,1000000,1000000
2016-03-06 22:55:05.718000,1.09923,1.09916,1000000,1000000
2016-03-06 22:55:09.280000,1.09922,1.09916,1000000,1000000
2016-03-06 22:55:09.786000,1.09923,1.09916,1000000,1500000
2016-03-06 22:55:10.401000,1.09924,1.09916,1500000,1500000
2016-03-06 22:55:10.908000,1.09923,1.09916,1000000,1500000
2016-03-06 22:55:12.595000,1.09924,1.09916,1500000,1500000
2016-03-06 22:55:13.101000,1.09923,1.09916,1000000,1500000
2016-03-06 22:55:13.631000,1.09924,1.09916,1500000,1500000
2016-03-06 22:55:14.147000,1.09923,1.09916,1000000,1500000
2016-03-06 22:55:15.210000,1.09924,1.09916,1500000,1500000
2016-03-06 22:55:21.434000,1.09923,1.09916,1000000,1500000
2016-03-06 22:55:23.146000,1.09924,1.09916,1000000,1000000
2016-03-06 22:55:23.692000,1.09923,1.09916,1000000,1000000
2016-03-06 22:55:24.344000,1.09924,1.09916,1000000,1000000
2016-03-06 22:55:24.861000,1.09923,1.09916,1000000,1000000
2016-03-06 22:55:25.455000,1.09924,1.09916,1000000,1000000
2016-03-06 22:55:25.962000,1.09923,1.09916,1000000,1000000
2016-03-06 22:55:26.563000,1.09924,1.09916,1000000,1000000
2016-03-06 22:55:27.093000,1.09923,1.09916,1000000,1000000
2016-03-06 22:55:28.040000,1.09924,1.09916,1000000,1000000
2016-03-06 22:55:28.562000,1.09923,1.09916,1000000,1000000
2016-03-06 22:55:29.169000,1.09924,1.09916,1000000,1000000
2016-03-06 22:55:29.675000,1.09923,1.09916,1000000,1000000
2016-03-06 22:55:30.955000,1.09924,1.09916,1000000,1500000
2016-03-06 22:55:31.543000,1.09923,1.09916,1000000,1500000
2016-03-06 22:55:32.100000,1.09924,1.09916,1000000,1500000
2016-03-06 22:55:32.617000,1.09923,1.09916,1000000,1500000
2016-03-06 22:55:34.902000,1.09924,1.09916,1000000,1500000
2016-03-06 22:55:35.482000,1.09923,1.09916,1000000,1500000
2016-03-06 22:55:36.612000,1.09924,1.09916,1000000,1500000
2016-03-06 22:55:37.139000,1.09923,1.09916,1000000,1500000
2016-03-06 22:55:38.796000,1.09924,1.09916,1000000,1500000
2016-03-06 22:55:39.503000,1.09923,1.09916,1000000,1500000
2016-03-06 22:55:41,1.09924,1.09916,1000000,1500000
2016-03-06 22:55:41.507000,1.09923,1.09916,1000000,1500000
2016-03-06 22:55:43.517000,1.09924,1.09916,1000000,1500000
2016-03-06 22:55:44.023000,1.09923,1.09916,1000000,1500000
2016-03-06 22:55:46.215000,1.09924,1.09916,1000000,1500000
2016-03-06 22:55:46.721000,1.09923,1.09916,1000000,1500000
2016-03-06 22:55:47.616000,1.09922,1.09916,1000000,1500000
2016-03-06 22:55:48.326000,1.09923,1.09916,1000000,1870000
2016-03-06 22:55:48.844000,1.09922,1.09916,1000000,1500000
2016-03-06 22:55:50.765000,1.09922,1.09917,1000000,1000000
2016-03-06 22:55:51.516000,1.09923,1.09917,1000000,1000000
2016-03-06 22:55:52.022000,1.09922,1.09917,1000000,1000000
2016-03-06 22:55:52.539000,1.09923,1.09917,1000000,1000000
2016-03-06 22:55:53.046000,1.09922,1.09917,1000000,1000000
2016-03-06 22:55:53.653000,1.09922,1.09916,1000000,1500000
2016-03-06 22:55:55.360000,1.09923,1.09916,1000000,1500000
2016-03-06 22:55:55.901000,1.09922,1.09917,1000000,1000000
2016-03-06 22:55:57.064000,1.09923,1.09917,1000000,1000000
2016-03-06 22:55:57.591000,1.09922,1.09917,1000000,1000000
2016-03-06 22:55:58.097000,1.09921,1.09917,1000000,1000000
2016-03-06 22:55:58.791000,1.09922,1.09917,1000000,1000000
2016-03-06 22:55:59.317000,1.09921,1.09917,1000000,1000000
2016-03-06 22:56:01.142000,1.09922,1.09917,1000000,1000000
2016-03-06 22:56:01.650000,1.09921,1.09917,1000000,1000000
2016-03-06 22:56:02.460000,1.09922,1.09917,1000000,1000000
2016-03-06 22:56:03.176000,1.09921,1.09917,1000000,1000000
2016-03-06 22:56:04.163000,1.09922,1.09917,1000000,1000000
2016-03-06 22:56:04.669000,1.09921,1.09917,1000000,1000000
2016-03-06 22:56:07.007000,1.09922,1.09917,1000000,1000000
2016-03-06 22:56:07.517000,1.09921,1.09917,1000000,1000000
2016-03-06 22:56:08.022000,1.09922,1.09917,1000000,1000000
2016-03-06 22:56:08.534000,1.09921,1.09917,1000000,1000000
2016-03-06 22:56:09.039000,1.09922,1.09916,1000000,1500000
2016-03-06 22:56:09.544000,1.09921,1.09916,1000000,1500000
2016-03-06 22:56:10.017000,1.09923,1.09917,1000000,1000000
2016-03-06 22:56:10.523000,1.09922,1.09917,1000000,1000000
2016-03-06 22:56:11.027000,1.09922,1.09916,1000000,1000000
2016-03-06 22:56:11.735000,1.09923,1.09916,1000000,1000000
2016-03-06 22:56:12.252000,1.09922,1.09916,1000000,1000000
2016-03-06 22:56:13.116000,1.09921,1.09916,1000000,1000000
2016-03-06 22:56:13.623000,1.09922,1.09916,1000000,1000000
2016-03-06 22:56:14.333000,1.09921,1.09916,1000000,1000000
2016-03-06 22:56:15.217000,1.09922,1.09916,1000000,1000000
2016-03-06 22:56:15.722000,1.09921,1.09916,1000000,1000000
2016-03-06 22:56:15.773000,1.09921,1.09914,1000000,1120000
2016-03-06 22:56:15.824000,1.09921,1.09916,1000000,1000000
2016-03-06 22:56:16.202000,1.09923,1.09915,1000000,1000000
2016-03-06 22:56:16.624000,1.09921,1.09915,1000000,1000000
2016-03-06 22:56:17.130000,1.09923,1.09915,1000000,1000000
2016-03-06 22:56:17.676000,1.09922,1.09914,1000000,1000000
2016-03-06 22:56:18.357000,1.09923,1.09914,1000000,1000000
2016-03-06 22:56:18.885000,1.09922,1.09914,1000000,1000000
2016-03-06 22:56:19.441000,1.09923,1.09914,1000000,1000000
2016-03-06 22:56:19.946000,1.09922,1.09914,1000000,1500000
2016-03-06 22:56:20.529000,1.09923,1.09914,1000000,1000000
2016-03-06 22:56:21.255000,1.09922,1.09914,1000000,1500000
2016-03-06 22:56:22.724000,1.09923,1.09914,1000000,1000000
2016-03-06 22:56:23.372000,1.09922,1.09914,1000000,1000000
2016-03-06 22:56:23.937000,1.09923,1.09914,1000000,1000000
2016-03-06 22:56:24.480000,1.09922,1.09914,1000000,1000000
