time,ask,bid,ask_volume,bid_volume
2016-08-07 21:00:36.397000,1.10847,1.10777,750000,600000
2016-08-07 21:00:38.145000,1.10851,1.10777,750000,600000
2016-08-07 21:00:38.195000,1.10856,1.10777,750000,600000
2016-08-07 21:00:39.722000,1.10858,1.10777,750000,600000
2016-08-07 21:00:40.201000,1.10858,1.10777,750000,670000
2016-08-07 21:00:40.453000,1.10845,1.10779,750000,750000
2016-08-07 21:01:59.080000,1.10850,1.10814,750000,370000
2016-08-07 21:01:59.130000,1.10850,1.10814,750000,750000
2016-08-07 21:01:59.300000,1.10850,1.10819,750000,750000
2016-08-07 21:02:10.243000,1.10850,1.10814,750000,750000
2016-08-07 21:02:14.157000,1.10848,1.10814,750000,750000
2016-08-07 21:02:16.149000,1.10848,1.10815,750000,750000
2016-08-07 21:02:16.201000,1.10848,1.10819,750000,750000
2016-08-07 21:02:40.159000,1.10848,1.10814,750000,370000
2016-08-07 21:02:47.388000,1.10848,1.10814,750000,750000
2016-08-07 21:02:48.235000,1.10848,1.10818,750000,750000
2016-08-07 21:02:54.779000,1.10861,1.10860,3000000,370000
2016-08-07 21:02:54.849000,1.10871,1.10860,750000,370000
2016-08-07 21:02:54.900000,1.10875,1.10861,2250000,370000
2016-08-07 21:02:54.951000,1.10878,1.10861,370000,1120000
2016-08-07 21:02:55.045000,1.10882,1.10861,750000,1500000
2016-08-07 21:02:55.096000,1.10882,1.10861,750000,1120000
2016-08-07 21:02:55.147000,1.10882,1.10861,750000,370000
2016-08-07 21:02:55.249000,1.10884,1.10861,1500000,750000
2016-08-07 21:02:57.992000,1.10884,1.10861,1120000,750000
2016-08-07 21:02:58.113000,1.10880,1.10861,750000,750000
2016-08-07 21:02:58.163000,1.10880,1.10860,750000,750000
2016-08-07 21:02:58.214000,1.10856,1.10852,370000,750000
2016-08-07 21:02:58.265000,1.10855,1.10850,750000,750000
2016-08-07 21:02:58.315000,1.10850,1.10835,750000,370000
2016-08-07 21:02:58.366000,1.10850,1.10830,750000,750000
2016-08-07 21:02:58.417000,1.10850,1.10822,750000,750000
2016-08-07 21:03:15.494000,1.10875,1.10860,370000,1870000
2016-08-07 21:03:15.545000,1.10877,1.10860,1500000,2250000
2016-08-07 21:03:17.141000,1.10877,1.10860,750000,1500000
2016-08-07 21:03:17.205000,1.10877,1.10851,750000,750000
2016-08-07 21:03:17.306000,1.10876,1.10846,1500000,1120000
2016-08-07 21:03:17.358000,1.10876,1.10846,1500000,750000
2016-08-07 21:03:23.531000,1.10876,1.10846,750000,750000
2016-08-07 21:03:30.605000,1.10856,1.10846,750000,750000
2016-08-07 21:03:30.662000,1.10850,1.10846,750000,750000
2016-08-07 21:03:30.713000,1.10850,1.10836,750000,370000
2016-08-07 21:03:30.814000,1.10850,1.10822,750000,750000
2016-08-07 21:04:03.155000,1.10850,1.10822,1000000,1000000
2016-08-07 21:04:11.364000,1.10851,1.10822,1000000,1000000
2016-08-07 21:04:20.910000,1.10852,1.10845,750000,750000
2016-08-07 21:04:20.961000,1.10867,1.10855,1000000,1000000
2016-08-07 21:04:21.012000,1.10867,1.10859,1000000,1670000
2016-08-07 21:04:21.063000,1.10877,1.10861,1000000,1610000
2016-08-07 21:04:21.133000,1.10878,1.10862,1500000,1000000
2016-08-07 21:04:22.679000,1.10878,1.10862,1000000,1000000
2016-08-07 21:04:22.730000,1.10878,1.10861,1000000,1000000
2016-08-07 21:04:22.781000,1.10878,1.10852,1500000,1000000
2016-08-07 21:04:22.882000,1.10874,1.10846,1000000,1370000
2016-08-07 21:04:22.938000,1.10874,1.10846,1000000,1000000
2016-08-07 21:04:36.255000,1.10874,1.10849,1000000,1000000
2016-08-07 21:04:45.556000,1.10874,1.10846,1000000,1000000
2016-08-07 21:05:08.995000,1.10870,1.10846,1000000,1000000
2016-08-07 21:05:19.716000,1.10870,1.10848,1000000,1000000
2016-08-07 21:05:24.622000,1.10870,1.10846,1000000,1000000
2016-08-07 21:05:28.650000,1.10870,1.10850,1000000,1000000
2016-08-07 21:05:28.751000,1.10871,1.10850,1000000,1500000
2016-08-07 21:05:30.919000,1.10873,1.10851,1000000,1000000
2016-08-07 21:05:36.298000,1.10885,1.10882,6000000,1000000
2016-08-07 21:05:36.358000,1.10884,1.10882,2250000,1000000
2016-08-07 21:05:36.410000,1.10886,1.10880,1000000,1750000
2016-08-07 21:05:36.460000,1.10887,1.10880,1000000,2250000
2016-08-07 21:05:36.511000,1.10890,1.10883,1000000,1000000
2016-08-07 21:05:36.613000,1.10890,1.10883,1000000,1500000
2016-08-07 21:05:37.129000,1.10891,1.10883,1000000,1500000
2016-08-07 21:05:37.534000,1.10892,1.10881,1000000,2000000
2016-08-07 21:05:37.635000,1.10892,1.10882,1000000,1000000
2016-08-07 21:05:37.736000,1.10892,1.10881,1000000,1690000
2016-08-07 21:05:37.837000,1.10892,1.10882,1000000,1000000
2016-08-07 21:05:37.909000,1.10892,1.10881,1000000,1620000
2016-08-07 21:05:37.960000,1.10890,1.10881,1000000,1000000
2016-08-07 21:05:38.010000,1.10885,1.10881,1000000,1000000
2016-08-07 21:05:38.061000,1.10883,1.10870,1000000,1000000
2016-08-07 21:05:38.136000,1.10882,1.10868,1000000,1000000
2016-08-07 21:05:38.237000,1.10882,1.10862,1000000,1370000
2016-08-07 21:05:38.288000,1.10882,1.10862,1000000,1000000
2016-08-07 21:05:38.542000,1.10877,1.10862,1000000,1000000
2016-08-07 21:05:40.931000,1.10880,1.10862,1000000,1000000
2016-08-07 21:05:41.757000,1.10876,1.10860,1000000,1000000
2016-08-07 21:05:41.808000,1.10876,1.10858,1000000,1000000
2016-08-07 21:05:41.883000,1.10876,1.10854,1000000,1000000
2016-08-07 21:05:42.865000,1.10876,1.10852,1000000,1000000
2016-08-07 21:05:47.269000,1.10874,1.10852,1000000,1000000
2016-08-07 21:06:01.831000,1.10874,1.10855,1000000,1000000
2016-08-07 21:06:01.892000,1.10874,1.10856,1000000,1000000
2016-08-07 21:06:07.805000,1.10874,1.10860,1000000,1000000
2016-08-07 21:06:07.901000,1.10874,1.10860,1000000,1500000
2016-08-07 21:06:10.419000,1.10871,1.10860,1000000,1500000
2016-08-07 21:06:12.164000,1.10871,1.10860,1000000,1000000
2016-08-07 21:06:12.644000,1.10871,1.10860,1000000,1500000
2016-08-07 21:06:20.276000,1.10871,1.10860,1000000,1000000
2016-08-07 21:06:20.530000,1.10871,1.10860,1000000,1500000
2016-08-07 21:06:22.831000,1.10871,1.10860,1000000,1000000
2016-08-07 21:06:22.926000,1.10871,1.10855,1000000,1500000
2016-08-07 21:06:25.298000,1.10874,1.10855,1000000,1500000
2016-08-07 21:06:39.842000,1.10874,1.10855,1000000,2250000
2016-08-07 21:06:39.894000,1.10874,1.10858,1000000,1000000
2016-08-07 21:06:39.945000,1.10877,1.10858,1500000,1000000
2016-08-07 21:06:39.996000,1.10877,1.10860,1500000,1000000
2016-08-07 21:06:40.046000,1.10877,1.10864,1500000,1000000
2016-08-07 21:06:44.850000,1.10873,1.10860,1000000,1000000
2016-08-07 21:06:44.901000,1.10873,1.10858,1000000,1000000
2016-08-07 21:06:44.952000,1.10873,1.10854,1000000,1000000
2016-08-07 21:06:50.123000,1.10874,1.10857,1000000,1000000
2016-08-07 21:07:15.899000,1.10871,1.10857,1000000,1000000
2016-08-07 21:07:37.224000,1.10871,1.10857,1380000,1000000
2016-08-07 21:07:50.517000,1.10861,1.10855,380000,1000000
2016-08-07 21:07:52.039000,1.10861,1.10844,380000,5630000
2016-08-07 21:07:52.599000,1.10860,1.10844,380000,5630000
2016-08-07 21:07:54.006000,1.10871,1.10844,1000000,5630000
2016-08-07 21:07:54.108000,1.10871,1.10855,1000000,1000000
2016-08-07 21:07:54.618000,1.10870,1.10855,1000000,1000000
2016-08-07 21:07:55.993000,1.10870,1.10854,1000000,1000000
2016-08-07 21:07:56.539000,1.10870,1.10855,1000000,1000000
2016-08-07 21:08:02.216000,1.10870,1.10857,1000000,1000000
2016-08-07 21:08:05.144000,1.10870,1.10858,1000000,1000000
2016-08-07 21:08:16.160000,1.10870,1.10857,1000000,1000000
2016-08-07 21:08:16.264000,1.10879,1.10858,1380000,1000000
2016-08-07 21:08:39.679000,1.10879,1.10858,1370000,1000000
2016-08-07 21:08:39.845000,1.10879,1.10858,1380000,1000000
2016-08-07 21:08:40.445000,1.10866,1.10858,380000,1000000
2016-08-07 21:09:20.231000,1.10866,1.10844,380000,2250000
2016-08-07 21:09:35.151000,1.10866,1.10855,380000,1000000
2016-08-07 21:09:37.243000,1.10866,1.10859,380000,1000000
2016-08-07 21:10:14.422000,1.10870,1.10865,380000,1000000
2016-08-07 21:10:17.449000,1.10878,1.10865,1000000,1000000
2016-08-07 21:10:20.469000,1.10877,1.10865,1000000,1000000
2016-08-07 21:10:21.165000,1.10869,1.10865,380000,1000000
2016-08-07 21:10:23.493000,1.10868,1.10863,380000,3750000
2016-08-07 21:10:24.026000,1.10868,1.10863,380000,1500000
2016-08-07 21:10:26.183000,1.10869,1.10865,380000,1000000
2016-08-07 21:10:27.284000,1.10877,1.10865,1000000,1000000
2016-08-07 21:10:30.182000,1.10877,1.10865,1000000,750000
2016-08-07 21:10:30.233000,1.10877,1.10844,1000000,1750000
2016-08-07 21:10:35.160000,1.10866,1.10844,380000,2250000
2016-08-07 21:10:35.210000,1.10866,1.10844,380000,3000000
2016-08-07 21:10:37.197000,1.10877,1.10865,1000000,1500000
2016-08-07 21:10:50.156000,1.10871,1.10847,1380000,1560000
2016-08-07 21:10:50.207000,1.10871,1.10847,1380000,1560000
2016-08-07 21:10:51.932000,1.10866,1.10848,380000,1560000
2016-08-07 21:10:52.004000,1.10866,1.10848,380000,2810000
2016-08-07 21:10:53.117000,1.10867,1.10865,380000,750000
2016-08-07 21:10:54.306000,1.10877,1.10865,1000000,1500000
2016-08-07 21:10:54.695000,1.10877,1.10865,1000000,750000
2016-08-07 21:10:55.120000,1.10877,1.10865,1000000,1500000
2016-08-07 21:10:57.356000,1.10877,1.10848,1000000,1560000
2016-08-07 21:10:59.925000,1.10877,1.10865,1000000,750000
2016-08-07 21:11:00.959000,1.10868,1.10864,380000,750000
2016-08-07 21:11:01.541000,1.10869,1.10865,380000,750000
2016-08-07 21:11:01.620000,1.10867,1.10862,380000,750000
2016-08-07 21:11:02.128000,1.10869,1.10865,380000,750000
2016-08-07 21:11:02.179000,1.10877,1.10865,1370000,750000
2016-08-07 21:11:02.560000,1.10877,1.10865,1380000,750000
2016-08-07 21:11:02.880000,1.10877,1.10865,1880000,750000
2016-08-07 21:11:03.494000,1.10877,1.10864,1880000,750000
2016-08-07 21:11:07.134000,1.10877,1.10865,1880000,750000
2016-08-07 21:11:09.187000,1.10877,1.10864,1880000,750000
2016-08-07 21:11:10.338000,1.10877,1.10865,1880000,750000
2016-08-07 21:11:11.138000,1.10877,1.10864,1880000,750000
2016-08-07 21:11:11.189000,1.10877,1.10864,1380000,750000
2016-08-07 21:11:11.990000,1.10877,1.10865,1880000,750000
2016-08-07 21:11:13.191000,1.10877,1.10864,1880000,750000
2016-08-07 21:11:13.971000,1.10877,1.10865,1880000,750000
2016-08-07 21:11:22.751000,1.10877,1.10864,1880000,750000
2016-08-07 21:11:23.281000,1.10877,1.10865,1880000,750000
2016-08-07 21:11:27.442000,1.10877,1.10869,1500000,1000000
2016-08-07 21:11:27.493000,1.10877,1.10870,1500000,1750000
2016-08-07 21:11:28.747000,1.10877,1.10870,1500000,1000000
2016-08-07 21:11:28.830000,1.10877,1.10867,1500000,1000000
2016-08-07 21:11:28.881000,1.10877,1.10867,1000000,1000000
2016-08-07 21:11:29.748000,1.10877,1.10870,1000000,1000000
2016-08-07 21:11:29.900000,1.10877,1.10870,1000000,1500000
2016-08-07 21:11:34.087000,1.10877,1.10864,1380000,1500000
2016-08-07 21:11:34.264000,1.10877,1.10866,1000000,1000000
2016-08-07 21:11:37.335000,1.10877,1.10865,1000000,750000
2016-08-07 21:11:38.214000,1.10877,1.10864,1380000,750000
2016-08-07 21:11:38.315000,1.10876,1.10865,1130000,750000
2016-08-07 21:11:39.981000,1.10876,1.10864,1130000,750000
2016-08-07 21:11:42.779000,1.10876,1.10865,1130000,750000
2016-08-07 21:11:42.830000,1.10877,1.10864,1380000,750000
2016-08-07 21:11:42.931000,1.10876,1.10864,1130000,750000
2016-08-07 21:11:47.197000,1.10876,1.10865,1130000,750000
2016-08-07 21:11:49.397000,1.10877,1.10865,1380000,750000
2016-08-07 21:11:49.990000,1.10877,1.10864,1380000,750000
2016-08-07 21:11:51.182000,1.10876,1.10865,1130000,750000
2016-08-07 21:11:51.791000,1.10876,1.10864,1130000,750000
2016-08-07 21:11:52.300000,1.10876,1.10865,1130000,750000
2016-08-07 21:11:55.109000,1.10876,1.10864,1130000,750000
2016-08-07 21:11:55.903000,1.10876,1.10865,1130000,750000
2016-08-07 21:11:56.404000,1.10876,1.10864,1130000,750000
2016-08-07 21:11:59.342000,1.10877,1.10864,1380000,750000
2016-08-07 21:11:59.907000,1.10877,1.10865,1380000,750000
2016-08-07 21:11:59.958000,1.10876,1.10865,1130000,750000
2016-08-07 21:12:02.712000,1.10876,1.10866,1000000,1000000
2016-08-07 21:12:03.614000,1.10876,1.10865,1120000,1000000
2016-08-07 21:12:04.114000,1.10876,1.10865,1120000,1500000
2016-08-07 21:12:04.715000,1.10876,1.10866,1000000,1000000
2016-08-07 21:12:05.115000,1.10876,1.10865,1120000,1500000
2016-08-07 21:12:07.370000,1.10877,1.10865,1370000,1500000
2016-08-07 21:12:08.119000,1.10877,1.10866,1120000,1000000
2016-08-07 21:12:08.169000,1.10876,1.10866,1000000,1000000
2016-08-07 21:12:08.220000,1.10876,1.10865,1120000,1500000
2016-08-07 21:12:12.127000,1.10876,1.10865,1120000,1000000
2016-08-07 21:12:12.229000,1.10876,1.10865,1120000,1500000
2016-08-07 21:12:13.229000,1.10876,1.10865,1120000,1000000
2016-08-07 21:12:16.133000,1.10876,1.10865,1120000,1500000
2016-08-07 21:12:16.643000,1.10876,1.10863,1120000,1000000
2016-08-07 21:12:30.150000,1.10876,1.10863,1120000,750000
2016-08-07 21:12:30.200000,1.10876,1.10847,1120000,2440000
2016-08-07 21:12:34.057000,1.10874,1.10850,1000000,1000000
2016-08-07 21:12:34.166000,1.10874,1.10862,1000000,750000
2016-08-07 21:12:37.157000,1.10874,1.10863,1000000,1000000
2016-08-07 21:12:50.390000,1.10876,1.10863,1120000,1000000
2016-08-07 21:12:55.183000,1.10877,1.10863,1870000,1000000
2016-08-07 21:12:55.684000,1.10876,1.10863,1120000,1000000
2016-08-07 21:13:07.942000,1.10877,1.10865,1870000,1000000
2016-08-07 21:13:08.028000,1.10877,1.10869,1370000,1000000
2016-08-07 21:13:08.130000,1.10877,1.10870,1370000,1000000
2016-08-07 21:13:08.253000,1.10877,1.10870,1370000,1750000
2016-08-07 21:13:08.671000,1.10877,1.10864,1370000,1500000
2016-08-07 21:13:11.087000,1.10877,1.10870,1370000,1750000
2016-08-07 21:13:15.341000,1.10877,1.10870,1000000,1750000
2016-08-07 21:13:20.222000,1.10877,1.10870,1120000,1750000
2016-08-07 21:13:23.222000,1.10878,1.10870,1370000,1000000
2016-08-07 21:13:23.273000,1.10878,1.10867,1370000,1000000
2016-08-07 21:13:23.324000,1.10878,1.10865,1370000,1500000
2016-08-07 21:13:30.342000,1.10878,1.10865,1370000,750000
2016-08-07 21:13:32.286000,1.10878,1.10864,1370000,750000
2016-08-07 21:13:34.095000,1.10879,1.10864,1370000,750000
2016-08-07 21:13:35.290000,1.10879,1.10865,1370000,750000
2016-08-07 21:14:00.166000,1.10879,1.10865,1370000,750000
2016-08-07 21:14:00.217000,1.10879,1.10852,1370000,1190000
2016-08-07 21:14:00.647000,1.10879,1.10852,1000000,1190000
2016-08-07 21:14:06.199000,1.10879,1.10852,1000000,1560000
2016-08-07 21:14:06.300000,1.10879,1.10865,1000000,100000
2016-08-07 21:14:06.600000,1.10879,1.10867,1000000,1000000
2016-08-07 21:14:06.904000,1.10879,1.10869,1000000,1000000
2016-08-07 21:14:10.508000,1.10879,1.10873,1000000,100000
2016-08-07 21:14:11.040000,1.10879,1.10872,1000000,100000
2016-08-07 21:14:26.407000,1.10879,1.10865,1000000,750000
2016-08-07 21:14:30.174000,1.10879,1.10852,1000000,1190000
2016-08-07 21:14:34.191000,1.10881,1.10852,1000000,1190000
2016-08-07 21:14:37.132000,1.10882,1.10852,1370000,1190000
2016-08-07 21:14:38.134000,1.10881,1.10852,1000000,1190000
2016-08-07 21:14:40.186000,1.10881,1.10865,1000000,750000
2016-08-07 21:14:40.605000,1.10881,1.10865,1000000,1000000
2016-08-07 21:14:40.935000,1.10881,1.10870,1000000,1000000
2016-08-07 21:14:41.088000,1.10878,1.10870,1000000,1000000
2016-08-07 21:14:41.190000,1.10878,1.10870,1000000,750000
2016-08-07 21:14:41.295000,1.10878,1.10870,1000000,1000000
2016-08-07 21:14:44.793000,1.10878,1.10869,1000000,1000000
2016-08-07 21:14:45.347000,1.10878,1.10870,1000000,1000000
2016-08-07 21:14:53.185000,1.10878,1.10869,1000000,1000000
2016-08-07 21:14:55.207000,1.10878,1.10870,1000000,1000000
2016-08-07 21:15:03.763000,1.10880,1.10870,1000000,1000000
2016-08-07 21:15:05.063000,1.10883,1.10870,1800000,1000000
2016-08-07 21:15:06.172000,1.10883,1.10869,1800000,1000000
2016-08-07 21:15:06.559000,1.10883,1.10870,1800000,750000
2016-08-07 21:15:06.658000,1.10883,1.10870,1800000,1000000
2016-08-07 21:15:06.877000,1.10883,1.10855,1800000,1870000
2016-08-07 21:15:08.224000,1.10882,1.10855,1000000,1870000
2016-08-07 21:15:09.026000,1.10883,1.10855,1800000,1870000
2016-08-07 21:15:14.139000,1.10882,1.10860,1770000,1370000
2016-08-07 21:15:14.190000,1.10882,1.10863,3750000,1000000
2016-08-07 21:15:14.290000,1.10876,1.10861,1000000,1000000
2016-08-07 21:15:14.954000,1.10881,1.10861,1420000,1000000
2016-08-07 21:15:15.056000,1.10881,1.10862,1050000,1370000
2016-08-07 21:15:15.107000,1.10881,1.10863,2170000,1000000
2016-08-07 21:15:15.205000,1.10881,1.10863,1420000,1500000
2016-08-07 21:15:20.238000,1.10882,1.10863,3940000,1500000
2016-08-07 21:15:22.847000,1.10881,1.10863,1420000,1500000
2016-08-07 21:15:22.898000,1.10881,1.10863,1420000,1000000
2016-08-07 21:15:28.531000,1.10881,1.10863,1420000,1500000
2016-08-07 21:15:28.608000,1.10885,1.10867,1500000,1000000
2016-08-07 21:15:28.658000,1.10887,1.10868,1380000,1120000
2016-08-07 21:15:28.709000,1.10887,1.10869,1000000,1000000
2016-08-07 21:15:28.760000,1.10887,1.10871,1000000,1120000
2016-08-07 21:15:28.811000,1.10887,1.10871,1000000,2250000
2016-08-07 21:15:28.862000,1.10889,1.10871,2250000,2250000
2016-08-07 21:15:28.953000,1.10889,1.10871,1000000,2250000
2016-08-07 21:15:39.728000,1.10889,1.10873,1000000,1000000
2016-08-07 21:15:46.279000,1.10889,1.10874,1000000,1000000
2016-08-07 21:15:46.435000,1.10892,1.10875,1880000,1000000
2016-08-07 21:15:46.588000,1.10892,1.10877,1880000,1000000
2016-08-07 21:15:46.659000,1.10901,1.10881,1380000,1000000
2016-08-07 21:15:46.856000,1.10905,1.10881,1750000,1000000
2016-08-07 21:15:46.950000,1.10917,1.10889,1500000,2250000
2016-08-07 21:15:47.001000,1.10919,1.10895,3370000,1000000
2016-08-07 21:15:47.052000,1.10919,1.10895,1000000,1000000
2016-08-07 21:15:47.103000,1.10920,1.10900,1500000,1000000
2016-08-07 21:15:47.204000,1.10921,1.10902,2250000,1000000
2016-08-07 21:15:47.255000,1.10924,1.10902,1500000,1000000
2016-08-07 21:15:47.356000,1.10923,1.10906,1000000,1000000
2016-08-07 21:15:47.408000,1.10923,1.10906,1000000,1370000
2016-08-07 21:15:47.458000,1.10924,1.10907,1000000,1000000
2016-08-07 21:15:47.509000,1.10924,1.10904,1500000,1750000
2016-08-07 21:15:47.598000,1.10920,1.10904,2250000,1000000
2016-08-07 21:15:47.699000,1.10920,1.10901,2250000,1750000
2016-08-07 21:15:47.750000,1.10919,1.10902,1500000,1000000
2016-08-07 21:15:47.802000,1.10915,1.10899,1000000,2620000
2016-08-07 21:15:47.852000,1.10915,1.10896,1000000,1000000
2016-08-07 21:15:47.903000,1.10915,1.10891,1870000,3300000
2016-08-07 21:15:47.954000,1.10915,1.10888,2250000,1500000
2016-08-07 21:15:48.047000,1.10917,1.10882,1000000,1500000
2016-08-07 21:15:48.098000,1.10917,1.10881,1000000,2620000
2016-08-07 21:15:48.149000,1.10912,1.10876,1000000,1500000
2016-08-07 21:15:48.200000,1.10912,1.10876,1000000,1120000
2016-08-07 21:15:48.251000,1.10912,1.10872,1000000,1000000
2016-08-07 21:15:48.302000,1.10912,1.10871,1000000,1870000
2016-08-07 21:15:48.353000,1.10912,1.10871,1000000,1500000
2016-08-07 21:15:48.404000,1.10908,1.10871,1000000,1000000
2016-08-07 21:15:48.455000,1.10906,1.10871,1000000,1000000
2016-08-07 21:15:48.557000,1.10906,1.10867,1000000,1000000
2016-08-07 21:15:48.612000,1.10906,1.10866,1000000,1870000
2016-08-07 21:15:48.662000,1.10906,1.10866,1000000,1500000
2016-08-07 21:15:49.077000,1.10903,1.10866,1000000,1000000
2016-08-07 21:15:49.236000,1.10903,1.10864,1000000,1500000
2016-08-07 21:15:50.136000,1.10903,1.10864,1000000,1000000
2016-08-07 21:15:50.187000,1.10903,1.10864,1500000,1000000
2016-08-07 21:15:50.238000,1.10903,1.10862,1500000,1000000
2016-08-07 21:15:50.339000,1.10903,1.10862,2250000,1000000
2016-08-07 21:15:51.653000,1.10903,1.10862,1500000,1000000
2016-08-07 21:15:51.704000,1.10903,1.10862,1500000,1500000
2016-08-07 21:15:51.884000,1.10903,1.10862,1000000,1500000
2016-08-07 21:15:51.935000,1.10903,1.10864,1000000,1000000
2016-08-07 21:15:55.901000,1.10907,1.10864,1500000,1000000
2016-08-07 21:15:55.952000,1.10907,1.10864,3000000,1000000
2016-08-07 21:15:56.003000,1.10907,1.10864,3750000,1000000
2016-08-07 21:15:56.054000,1.10906,1.10862,1000000,1500000
2016-08-07 21:15:56.234000,1.10907,1.10862,1870000,1500000
2016-08-07 21:15:56.550000,1.10907,1.10862,1870000,1000000
2016-08-07 21:15:56.623000,1.10907,1.10865,1120000,1000000
2016-08-07 21:15:56.674000,1.10907,1.10865,1120000,1500000
2016-08-07 21:15:56.799000,1.10907,1.10865,1120000,1000000
2016-08-07 21:15:57.035000,1.10907,1.10865,1870000,1500000
2016-08-07 21:15:57.136000,1.10907,1.10865,1000000,1500000
2016-08-07 21:15:57.187000,1.10906,1.10865,1000000,1500000
2016-08-07 21:15:57.238000,1.10906,1.10863,1000000,1000000
2016-08-07 21:15:57.555000,1.10907,1.10863,1000000,1000000
2016-08-07 21:15:57.657000,1.10907,1.10863,1000000,1500000
2016-08-07 21:16:02.081000,1.10908,1.10863,1000000,1500000
2016-08-07 21:16:02.260000,1.10905,1.10863,1000000,1500000
2016-08-07 21:16:02.310000,1.10905,1.10863,1000000,1000000
2016-08-07 21:16:02.542000,1.10904,1.10863,1000000,1000000
2016-08-07 21:16:02.795000,1.10904,1.10863,1500000,1000000
2016-08-07 21:16:02.846000,1.10904,1.10861,1500000,1000000
2016-08-07 21:16:03.960000,1.10904,1.10861,1000000,1000000
2016-08-07 21:16:07.163000,1.10904,1.10861,1500000,1000000
2016-08-07 21:16:07.966000,1.10904,1.10860,1500000,2250000
2016-08-07 21:16:08.098000,1.10903,1.10861,1000000,1000000
2016-08-07 21:16:10.145000,1.10903,1.10861,1500000,1500000
2016-08-07 21:16:10.195000,1.10903,1.10862,1000000,1000000
2016-08-07 21:16:10.297000,1.10903,1.10861,1000000,1500000
2016-08-07 21:16:10.468000,1.10903,1.10864,1000000,1000000
2016-08-07 21:16:10.770000,1.10903,1.10862,1000000,1000000
2016-08-07 21:16:17.046000,1.10904,1.10862,1500000,1000000
2016-08-07 21:16:20.180000,1.10904,1.10860,1500000,1000000
2016-08-07 21:16:20.231000,1.10904,1.10860,1500000,1500000
2016-08-07 21:16:20.282000,1.10904,1.10862,1500000,1000000
2016-08-07 21:16:23.317000,1.10904,1.10862,1500000,1500000
2016-08-07 21:16:27.209000,1.10895,1.10862,1000000,1000000
2016-08-07 21:16:27.259000,1.10895,1.10862,1500000,1000000
2016-08-07 21:16:27.310000,1.10895,1.10860,1500000,1000000
2016-08-07 21:16:27.361000,1.10893,1.10858,1000000,1370000
2016-08-07 21:16:27.412000,1.10893,1.10859,1000000,1000000
2016-08-07 21:16:27.513000,1.10893,1.10854,1000000,1000000
2016-08-07 21:16:27.649000,1.10893,1.10855,1000000,1000000
2016-08-07 21:16:27.700000,1.10893,1.10856,1000000,2170000
2016-08-07 21:16:32.305000,1.10893,1.10856,1000000,2250000
2016-08-07 21:16:33.336000,1.10893,1.10856,1000000,1500000
2016-08-07 21:16:33.387000,1.10892,1.10856,1000000,1120000
2016-08-07 21:16:33.439000,1.10892,1.10855,1500000,1500000
2016-08-07 21:16:33.490000,1.10892,1.10855,1000000,1500000
2016-08-07 21:16:37.311000,1.10892,1.10853,1000000,1000000
2016-08-07 21:16:37.412000,1.10892,1.10853,1500000,1000000
2016-08-07 21:16:38.151000,1.10892,1.10853,1000000,1000000
2016-08-07 21:16:42.113000,1.10891,1.10851,1000000,1500000
2016-08-07 21:16:42.214000,1.10887,1.10850,1000000,2250000
2016-08-07 21:16:42.367000,1.10886,1.10850,1000000,1500000
2016-08-07 21:16:42.418000,1.10885,1.10850,1000000,1000000
2016-08-07 21:16:47.134000,1.10886,1.10850,1000000,1000000
2016-08-07 21:16:47.236000,1.10890,1.10850,3380000,1000000
2016-08-07 21:16:51.087000,1.10888,1.10847,1250000,3000000
2016-08-07 21:16:51.138000,1.10887,1.10847,1000000,3000000
2016-08-07 21:16:51.189000,1.10887,1.10847,1500000,3000000
2016-08-07 21:16:51.240000,1.10885,1.10847,1000000,3000000
2016-08-07 21:16:54.431000,1.10886,1.10847,1000000,3000000
2016-08-07 21:16:55.336000,1.10887,1.10847,1000000,3000000
2016-08-07 21:16:55.438000,1.10888,1.10847,1190000,3000000
2016-08-07 21:16:58.340000,1.10887,1.10847,1000000,3000000
2016-08-07 21:17:00.141000,1.10886,1.10848,1000000,1000000
2016-08-07 21:17:00.243000,1.10888,1.10847,1250000,3000000
2016-08-07 21:17:01.207000,1.10884,1.10847,1000000,3750000
2016-08-07 21:17:01.309000,1.10886,1.10847,1000000,3000000
2016-08-07 21:17:02.409000,1.10884,1.10847,1000000,3000000
2016-08-07 21:17:02.510000,1.10886,1.10847,1000000,3000000
2016-08-07 21:17:06.149000,1.10884,1.10847,1000000,3000000
2016-08-07 21:17:08.268000,1.10884,1.10847,1000000,2250000
2016-08-07 21:17:10.151000,1.10885,1.10847,3000000,2250000
2016-08-07 21:17:10.202000,1.10885,1.10847,2250000,2250000
2016-08-07 21:17:10.951000,1.10886,1.10847,2250000,2250000
2016-08-07 21:17:13.744000,1.10886,1.10847,1000000,2250000
2016-08-07 21:17:13.845000,1.10888,1.10847,1870000,2250000
2016-08-07 21:17:13.896000,1.10888,1.10846,1000000,3750000
2016-08-07 21:17:13.970000,1.10888,1.10847,1000000,3000000
2016-08-07 21:17:14.049000,1.10888,1.10847,1000000,2250000
2016-08-07 21:17:17.760000,1.10888,1.10847,1500000,2250000
2016-08-07 21:17:17.862000,1.10888,1.10847,1000000,3000000
2016-08-07 21:17:17.963000,1.10888,1.10847,1000000,2250000
2016-08-07 21:17:22.269000,1.10888,1.10847,1000000,3000000
2016-08-07 21:17:25.713000,1.10891,1.10849,1500000,1000000
2016-08-07 21:17:26.174000,1.10891,1.10849,1000000,1000000
2016-08-07 21:17:27.168000,1.10891,1.10849,1500000,1000000
2016-08-07 21:17:39.179000,1.10890,1.10849,1000000,1000000
2016-08-07 21:17:46.756000,1.10890,1.10848,1000000,1000000
2016-08-07 21:17:47.385000,1.10889,1.10848,1000000,1000000
2016-08-07 21:17:56.201000,1.10890,1.10848,1000000,1000000
2016-08-07 21:18:00.156000,1.10889,1.10848,1000000,1000000
2016-08-07 21:18:06.357000,1.10889,1.10848,1000000,1010000
2016-08-07 21:18:14.199000,1.10890,1.10848,1000000,1010000
2016-08-07 21:18:17.695000,1.10891,1.10848,2250000,1000000
2016-08-07 21:18:21.813000,1.10891,1.10848,1500000,1000000
2016-08-07 21:18:22.166000,1.10891,1.10848,2250000,1000000
2016-08-07 21:18:22.267000,1.10891,1.10848,1500000,1000000
2016-08-07 21:18:22.370000,1.10891,1.10848,2250000,1000000
2016-08-07 21:18:23.848000,1.10891,1.10848,1500000,1000000
2016-08-07 21:18:23.950000,1.10891,1.10848,2250000,1000000
2016-08-07 21:18:24.316000,1.10890,1.10848,1000000,1010000
2016-08-07 21:18:24.546000,1.10890,1.10849,1000000,1500000
2016-08-07 21:18:24.658000,1.10890,1.10848,1000000,1000000
2016-08-07 21:18:27.248000,1.10889,1.10848,1000000,1000000
2016-08-07 21:18:30.228000,1.10889,1.10848,1000000,1010000
2016-08-07 21:18:31.162000,1.10890,1.10848,2250000,1010000
2016-08-07 21:18:32.181000,1.10889,1.10848,1000000,1010000
2016-08-07 21:18:34.453000,1.10889,1.10847,1000000,3010000
2016-08-07 21:18:36.485000,1.10890,1.10847,3000000,3010000
2016-08-07 21:18:37.187000,1.10889,1.10847,1000000,3010000
2016-08-07 21:18:45.196000,1.10888,1.10847,1000000,3010000
2016-08-07 21:19:01.130000,1.10888,1.10847,1000000,3410000
2016-08-07 21:19:08.467000,1.10886,1.10847,1000000,3410000
2016-08-07 21:19:08.518000,1.10886,1.10847,2070000,3370000
2016-08-07 21:19:08.771000,1.10885,1.10847,2070000,3370000
2016-08-07 21:19:08.823000,1.10885,1.10847,2820000,3370000
2016-08-07 21:19:10.023000,1.10885,1.10847,2630000,3370000
2016-08-07 21:19:10.511000,1.10885,1.10847,2630000,3380000
2016-08-07 21:19:10.912000,1.10874,1.10847,380000,3380000
2016-08-07 21:19:19.161000,1.10873,1.10847,380000,2630000
2016-08-07 21:19:19.691000,1.10874,1.10847,380000,2630000
2016-08-07 21:19:20.221000,1.10886,1.10847,2440000,2630000
2016-08-07 21:19:20.842000,1.10886,1.10847,3190000,2630000
2016-08-07 21:19:21.264000,1.10884,1.10847,1010000,2630000
2016-08-07 21:19:23.172000,1.10873,1.10847,380000,2630000
2016-08-07 21:19:27.033000,1.10884,1.10847,1010000,2630000
2016-08-07 21:19:27.247000,1.10873,1.10847,380000,2630000
2016-08-07 21:19:28.276000,1.10869,1.10847,380000,2260000
2016-08-07 21:19:39.186000,1.10870,1.10847,380000,2260000
2016-08-07 21:19:42.872000,1.10869,1.10847,380000,2260000
2016-08-07 21:19:58.883000,1.10878,1.10847,1370000,2630000
2016-08-07 21:19:58.952000,1.10880,1.10847,1380000,2630000
2016-08-07 21:19:59.059000,1.10878,1.10847,1380000,2670000
2016-08-07 21:19:59.161000,1.10878,1.10847,1000000,2630000
2016-08-07 21:20:24.113000,1.10884,1.10847,1380000,2630000
2016-08-07 21:20:24.164000,1.10887,1.10847,1380000,3380000
2016-08-07 21:20:27.217000,1.10886,1.10847,1370000,3380000
2016-08-07 21:20:27.323000,1.10868,1.10847,380000,3010000
2016-08-07 21:20:27.534000,1.10886,1.10847,1000000,3010000
2016-08-07 21:20:27.636000,1.10886,1.10847,1000000,3380000
2016-08-07 21:20:28.239000,1.10886,1.10847,1000000,2630000
2016-08-07 21:20:30.141000,1.10886,1.10847,1000000,3380000
2016-08-07 21:20:32.116000,1.10886,1.10848,1000000,1380000
2016-08-07 21:20:32.269000,1.10888,1.10848,1000000,1120000
2016-08-07 21:20:32.430000,1.10887,1.10848,1000000,1380000
2016-08-07 21:21:07.770000,1.10890,1.10848,1000000,1380000
2016-08-07 21:21:07.821000,1.10891,1.10848,1000000,1380000
2016-08-07 21:21:25.225000,1.10891,1.10848,1000000,1880000
2016-08-07 21:21:25.379000,1.10891,1.10854,1000000,1000000
2016-08-07 21:21:25.466000,1.10893,1.10856,1500000,1000000
2016-08-07 21:21:25.568000,1.10894,1.10856,1870000,1000000
2016-08-07 21:21:25.619000,1.10895,1.10857,1500000,1000000
2016-08-07 21:21:25.670000,1.10895,1.10857,1500000,1500000
2016-08-07 21:21:25.921000,1.10896,1.10860,1000000,1000000
2016-08-07 21:21:26.003000,1.10896,1.10860,1000000,1500000
2016-08-07 21:21:30.127000,1.10899,1.10860,1000000,1500000
2016-08-07 21:21:30.178000,1.10901,1.10860,1500000,1500000
2016-08-07 21:21:30.279000,1.10901,1.10860,1000000,1000000
2016-08-07 21:21:31.456000,1.10901,1.10860,1000000,1500000
2016-08-07 21:21:34.212000,1.10901,1.10860,1500000,1500000
2016-08-07 21:21:34.263000,1.10901,1.10860,2250000,1500000
2016-08-07 21:21:34.313000,1.10901,1.10860,2250000,1000000
2016-08-07 21:21:34.364000,1.10901,1.10859,1500000,1500000
2016-08-07 21:21:35.145000,1.10901,1.10859,2250000,1500000
2016-08-07 21:21:35.213000,1.10901,1.10860,2250000,1000000
2016-08-07 21:21:36.298000,1.10899,1.10860,1000000,1000000
2016-08-07 21:21:36.349000,1.10899,1.10860,1000000,1500000
2016-08-07 21:21:36.400000,1.10899,1.10860,1000000,1000000
2016-08-07 21:21:39.190000,1.10901,1.10859,1500000,1500000
2016-08-07 21:21:39.241000,1.10901,1.10860,1500000,1000000
2016-08-07 21:21:39.291000,1.10901,1.10860,1000000,1500000
2016-08-07 21:21:39.457000,1.10901,1.10860,1500000,1500000
2016-08-07 21:21:40.211000,1.10901,1.10856,1500000,1500000
2016-08-07 21:21:40.873000,1.10901,1.10860,1000000,1000000
2016-08-07 21:21:40.985000,1.10906,1.10862,2250000,1000000
2016-08-07 21:21:41.036000,1.10906,1.10862,2440000,1000000
2016-08-07 21:21:41.087000,1.10906,1.10862,1690000,1500000
2016-08-07 21:21:42.742000,1.10906,1.10863,1690000,1000000
2016-08-07 21:21:45.091000,1.10906,1.10863,2440000,1000000
2016-08-07 21:21:45.142000,1.10906,1.10864,3940000,1000000
2016-08-07 21:21:45.193000,1.10906,1.10864,3190000,1000000
2016-08-07 21:21:45.244000,1.10906,1.10864,1690000,1000000
2016-08-07 21:21:47.969000,1.10906,1.10864,1250000,1000000
2016-08-07 21:21:48.020000,1.10906,1.10864,1190000,1000000
2016-08-07 21:21:49.134000,1.10906,1.10866,1190000,1000000
2016-08-07 21:21:49.236000,1.10905,1.10867,1250000,1000000
2016-08-07 21:21:49.338000,1.10906,1.10871,1190000,1000000
2016-08-07 21:21:49.439000,1.10908,1.10871,1000000,1000000
2016-08-07 21:21:49.494000,1.10907,1.10871,1000000,1500000
2016-08-07 21:21:49.545000,1.10907,1.10871,1000000,2250000
2016-08-07 21:21:50.139000,1.10907,1.10871,1000000,3000000
2016-08-07 21:21:54.151000,1.10907,1.10872,1000000,1000000
2016-08-07 21:21:58.255000,1.10907,1.10871,1000000,1500000
2016-08-07 21:22:00.348000,1.10907,1.10871,1130000,1500000
2016-08-07 21:22:02.261000,1.10907,1.10872,1130000,1000000
2016-08-07 21:22:02.862000,1.10885,1.10872,380000,1000000
2016-08-07 21:22:02.923000,1.10907,1.10872,1010000,1000000
2016-08-07 21:22:03.024000,1.10887,1.10872,370000,1000000
2016-08-07 21:22:03.161000,1.10905,1.10872,1000000,1000000
2016-08-07 21:22:03.212000,1.10907,1.10872,1000000,1000000
2016-08-07 21:22:07.271000,1.10907,1.10871,1000000,1500000
2016-08-07 21:22:10.172000,1.10907,1.10873,1000000,1000000
2016-08-07 21:22:15.479000,1.10905,1.10868,1000000,1500000
2016-08-07 21:22:15.530000,1.10903,1.10868,1000000,1500000
2016-08-07 21:22:15.581000,1.10900,1.10865,1000000,1120000
2016-08-07 21:22:15.684000,1.10900,1.10862,1000000,1120000
2016-08-07 21:22:15.887000,1.10900,1.10859,1000000,1120000
2016-08-07 21:22:16.090000,1.10901,1.10858,1500000,1000000
2016-08-07 21:22:16.408000,1.10899,1.10853,1000000,2620000
2016-08-07 21:22:16.781000,1.10899,1.10853,1500000,1000000
2016-08-07 21:22:21.186000,1.10899,1.10853,1000000,1500000
2016-08-07 21:22:25.212000,1.10902,1.10854,1500000,1000000
2016-08-07 21:22:26.967000,1.10902,1.10855,1500000,1190000
2016-08-07 21:22:27.025000,1.10902,1.10857,1000000,1190000
2016-08-07 21:22:29.310000,1.10903,1.10859,1000000,1000000
2016-08-07 21:22:29.361000,1.10903,1.10860,1000000,1250000
2016-08-07 21:22:29.412000,1.10905,1.10862,1000000,1000000
2016-08-07 21:22:29.599000,1.10905,1.10863,1000000,1250000
2016-08-07 21:22:29.650000,1.10905,1.10865,1190000,1000000
2016-08-07 21:22:29.701000,1.10905,1.10866,1190000,1000000
2016-08-07 21:22:30.986000,1.10905,1.10866,1250000,1000000
2016-08-07 21:22:37.579000,1.10905,1.10866,1000000,1000000
2016-08-07 21:22:38.096000,1.10907,1.10866,1310000,1000000
2016-08-07 21:22:47.173000,1.10907,1.10866,1250000,1000000
2016-08-07 21:22:49.898000,1.10907,1.10866,1310000,1000000
2016-08-07 21:22:50.113000,1.10907,1.10866,1310000,2250000
2016-08-07 21:22:50.164000,1.10907,1.10867,2060000,1000000
2016-08-07 21:22:50.237000,1.10903,1.10868,1500000,1000000
2016-08-07 21:22:50.288000,1.10902,1.10866,1000000,1000000
2016-08-07 21:22:53.691000,1.10903,1.10866,3190000,1000000
2016-08-07 21:22:54.209000,1.10903,1.10867,2440000,1000000
2016-08-07 21:22:54.311000,1.10902,1.10868,1000000,1000000
2016-08-07 21:22:59.101000,1.10903,1.10868,2440000,1000000
2016-08-07 21:22:59.203000,1.10903,1.10868,1690000,1000000
2016-08-07 21:22:59.772000,1.10882,1.10868,380000,1000000
2016-08-07 21:22:59.876000,1.10903,1.10868,1500000,1000000
2016-08-07 21:22:59.971000,1.10903,1.10868,1690000,1000000
2016-08-07 21:23:00.285000,1.10903,1.10868,1690000,1500000
2016-08-07 21:23:00.336000,1.10901,1.10868,1500000,1500000
2016-08-07 21:23:03.372000,1.10906,1.10868,1250000,1000000
2016-08-07 21:23:03.423000,1.10907,1.10868,1190000,1000000
2016-08-07 21:23:04.084000,1.10907,1.10868,1250000,1000000
2016-08-07 21:23:04.135000,1.10903,1.10868,2250000,1500000
2016-08-07 21:23:04.236000,1.10906,1.10873,1000000,1000000
2016-08-07 21:23:04.287000,1.10908,1.10873,1690000,1000000
2016-08-07 21:23:07.178000,1.10908,1.10873,1500000,1000000
2016-08-07 21:23:11.386000,1.10908,1.10873,2250000,1000000
2016-08-07 21:23:11.615000,1.10908,1.10873,1500000,1000000
2016-08-07 21:23:23.404000,1.10908,1.10873,2250000,1000000
2016-08-07 21:23:25.795000,1.10908,1.10874,2250000,1000000
2016-08-07 21:23:25.880000,1.10904,1.10877,1000000,1500000
2016-08-07 21:23:25.931000,1.10904,1.10880,1000000,1000000
2016-08-07 21:23:25.982000,1.10907,1.10883,1000000,1500000
2016-08-07 21:23:30.092000,1.10907,1.10883,1000000,1690000
2016-08-07 21:23:30.193000,1.10907,1.10883,1000000,1500000
2016-08-07 21:23:50.196000,1.10907,1.10883,1000000,1000000
2016-08-07 21:24:08.248000,1.10907,1.10884,1000000,1000000
2016-08-07 21:24:23.640000,1.10907,1.10884,1310000,1000000
2016-08-07 21:24:36.385000,1.10907,1.10884,1120000,1000000
2016-08-07 21:24:36.486000,1.10907,1.10884,1190000,1000000
2016-08-07 21:24:36.537000,1.10905,1.10884,1190000,1000000
2016-08-07 21:25:25.492000,1.10905,1.10884,1000000,1000000
2016-08-07 21:25:25.852000,1.10902,1.10884,1000000,1000000
2016-08-07 21:25:29.332000,1.10903,1.10884,1000000,1000000
2016-08-07 21:26:00.546000,1.10892,1.10884,2250000,1000000
2016-08-07 21:26:00.597000,1.10888,1.10884,1000000,1000000
2016-08-07 21:26:00.698000,1.10888,1.10879,1000000,1100000
2016-08-07 21:26:08.706000,1.10889,1.10879,2250000,1100000
2016-08-07 21:26:08.756000,1.10889,1.10879,1500000,1100000
2016-08-07 21:26:08.858000,1.10889,1.10879,1500000,1000000
2016-08-07 21:26:22.091000,1.10888,1.10879,1000000,1000000
2016-08-07 21:26:25.380000,1.10887,1.10879,1000000,1000000
2016-08-07 21:26:35.507000,1.10889,1.10882,3000000,1000000
2016-08-07 21:26:35.558000,1.10889,1.10884,1500000,1000000
2016-08-07 21:26:35.761000,1.10890,1.10884,1000000,2250000
2016-08-07 21:26:35.834000,1.10890,1.10884,1500000,2250000
2016-08-07 21:26:35.916000,1.10889,1.10884,1000000,1500000
2016-08-07 21:26:38.146000,1.10889,1.10883,1000000,3000000
2016-08-07 21:26:38.247000,1.10889,1.10883,1000000,1500000
2016-08-07 21:26:38.784000,1.10892,1.10883,2250000,1500000
2016-08-07 21:26:38.847000,1.10892,1.10883,1500000,1500000
2016-08-07 21:26:45.024000,1.10892,1.10889,1500000,1000000
2016-08-07 21:26:45.075000,1.10897,1.10890,1500000,1500000
2016-08-07 21:26:45.197000,1.10907,1.10890,1380000,1500000
2016-08-07 21:26:45.298000,1.10907,1.10890,1380000,1000000
2016-08-07 21:26:45.384000,1.10907,1.10890,1380000,1500000
2016-08-07 21:26:45.486000,1.10906,1.10890,1380000,1000000
2016-08-07 21:26:45.597000,1.10906,1.10890,1380000,1500000
2016-08-07 21:26:45.739000,1.10906,1.10890,1130000,1500000
2016-08-07 21:26:53.260000,1.10906,1.10890,1380000,1500000
2016-08-07 21:26:53.678000,1.10900,1.10890,1000000,1500000
2016-08-07 21:26:53.729000,1.10899,1.10890,1000000,1500000
2016-08-07 21:26:53.780000,1.10899,1.10890,1000000,1000000
2016-08-07 21:26:53.831000,1.10899,1.10887,1000000,2250000
2016-08-07 21:26:58.819000,1.10903,1.10890,2250000,1000000
2016-08-07 21:26:58.870000,1.10902,1.10891,1880000,1000000
2016-08-07 21:26:59.073000,1.10908,1.10891,1380000,1000000
2016-08-07 21:27:04.337000,1.10907,1.10891,1380000,1000000
2016-08-07 21:27:05.332000,1.10906,1.10891,1380000,1000000
2016-08-07 21:27:06.322000,1.10907,1.10891,1380000,1000000
2016-08-07 21:27:10.175000,1.10907,1.10891,1370000,1000000
2016-08-07 21:27:12.469000,1.10910,1.10906,2060000,1000000
2016-08-07 21:27:12.520000,1.10912,1.10907,2440000,1000000
2016-08-07 21:27:12.571000,1.10918,1.10907,1010000,1690000
2016-08-07 21:27:12.622000,1.10918,1.10910,1010000,1000000
2016-08-07 21:27:12.694000,1.10927,1.10913,2260000,1000000
2016-08-07 21:27:12.796000,1.10927,1.10913,1010000,1000000
2016-08-07 21:27:12.847000,1.10930,1.10913,1380000,1000000
2016-08-07 21:27:12.949000,1.10935,1.10914,1380000,1000000
2016-08-07 21:27:13.101000,1.10936,1.10914,1130000,1000000
2016-08-07 21:27:13.238000,1.10935,1.10914,1380000,1000000
2016-08-07 21:27:13.289000,1.10935,1.10910,1380000,1000000
2016-08-07 21:27:13.540000,1.10935,1.10910,1630000,1000000
2016-08-07 21:27:13.640000,1.10935,1.10909,1630000,2250000
2016-08-07 21:27:13.991000,1.10939,1.10909,2190000,2250000
2016-08-07 21:27:14.199000,1.10939,1.10909,1820000,1000000
2016-08-07 21:27:14.250000,1.10939,1.10909,2190000,2250000
2016-08-07 21:27:14.301000,1.10935,1.10909,1630000,2250000
2016-08-07 21:27:14.457000,1.10935,1.10910,1630000,1000000
2016-08-07 21:27:18.262000,1.10935,1.10910,1630000,1500000
2016-08-07 21:27:22.853000,1.10935,1.10910,1630000,1000000
2016-08-07 21:27:23.053000,1.10935,1.10910,1630000,1500000
2016-08-07 21:27:26.609000,1.10936,1.10910,1320000,1500000
2016-08-07 21:27:27.152000,1.10935,1.10910,1630000,1500000
2016-08-07 21:27:28.801000,1.10935,1.10910,1630000,1000000
2016-08-07 21:27:30.173000,1.10936,1.10909,1320000,1500000
2016-08-07 21:27:30.224000,1.10936,1.10909,1320000,1000000
2016-08-07 21:27:31.164000,1.10935,1.10909,1630000,1000000
2016-08-07 21:27:31.883000,1.10935,1.10913,1630000,1000000
2016-08-07 21:27:31.943000,1.10935,1.10915,1000000,1500000
2016-08-07 21:27:32.023000,1.10935,1.10917,1000000,1500000
2016-08-07 21:27:32.545000,1.10935,1.10916,1000000,1500000
2016-08-07 21:27:35.620000,1.10939,1.10916,1130000,1500000
2016-08-07 21:27:35.722000,1.10935,1.10916,1000000,1500000
2016-08-07 21:27:36.171000,1.10940,1.10916,1130000,1500000
2016-08-07 21:27:36.273000,1.10935,1.10916,1000000,1500000
2016-08-07 21:27:36.922000,1.10940,1.10916,1130000,1500000
2016-08-07 21:27:37.023000,1.10935,1.10916,1000000,1500000
2016-08-07 21:27:37.653000,1.10935,1.10919,1000000,1000000
2016-08-07 21:27:37.747000,1.10935,1.10920,1000000,1000000
2016-08-07 21:27:37.798000,1.10935,1.10920,1000000,1500000
2016-08-07 21:27:38.001000,1.10935,1.10918,1000000,1500000
2016-08-07 21:27:38.275000,1.10943,1.10917,2440000,1500000
2016-08-07 21:27:38.377000,1.10935,1.10917,1000000,1500000
2016-08-07 21:27:40.078000,1.10943,1.10917,2440000,1500000
2016-08-07 21:27:40.179000,1.10935,1.10917,1000000,1500000
2016-08-07 21:27:43.731000,1.10942,1.10917,1130000,1500000
2016-08-07 21:27:44.035000,1.10935,1.10917,1000000,1500000
2016-08-07 21:27:48.942000,1.10937,1.10917,1130000,1500000
2016-08-07 21:27:52.047000,1.10935,1.10917,1000000,1500000
2016-08-07 21:27:53.862000,1.10937,1.10917,1130000,1500000
2016-08-07 21:27:55.054000,1.10935,1.10917,1000000,1500000
2016-08-07 21:27:57.529000,1.10935,1.10917,1010000,1500000
2016-08-07 21:28:00.564000,1.10937,1.10917,1320000,1500000
2016-08-07 21:28:00.784000,1.10935,1.10917,1010000,1500000
2016-08-07 21:28:01.116000,1.10937,1.10917,1320000,1500000
2016-08-07 21:28:01.511000,1.10935,1.10917,1010000,1500000
2016-08-07 21:28:04.497000,1.10937,1.10917,1320000,1500000
2016-08-07 21:28:05.372000,1.10935,1.10917,1010000,1500000
2016-08-07 21:28:05.423000,1.10935,1.10917,1000000,1500000
2016-08-07 21:28:05.499000,1.10933,1.10916,2250000,1500000
2016-08-07 21:28:05.934000,1.10937,1.10915,1320000,3750000
2016-08-07 21:28:06.013000,1.10935,1.10915,1260000,4500000
2016-08-07 21:28:07.108000,1.10936,1.10915,3200000,3750000
2016-08-07 21:28:07.219000,1.10935,1.10915,1200000,3750000
2016-08-07 21:28:12.626000,1.10935,1.10915,1260000,4500000
2016-08-07 21:28:13.404000,1.10936,1.10915,3200000,3750000
2016-08-07 21:28:13.986000,1.10935,1.10915,1260000,4500000
2016-08-07 21:28:14.255000,1.10935,1.10915,1260000,3750000
2016-08-07 21:28:14.356000,1.10935,1.10915,1260000,4500000
2016-08-07 21:28:15.530000,1.10935,1.10915,1250000,4500000
2016-08-07 21:28:25.180000,1.10935,1.10915,1250000,3750000
2016-08-07 21:28:26.055000,1.10935,1.10915,1250000,4500000
2016-08-07 21:28:34.119000,1.10936,1.10915,3190000,3750000
2016-08-07 21:28:35.722000,1.10935,1.10915,1250000,4500000
2016-08-07 21:28:40.182000,1.10935,1.10915,1250000,3750000
2016-08-07 21:28:42.165000,1.10935,1.10915,1250000,4500000
2016-08-07 21:28:45.951000,1.10936,1.10915,3190000,3750000
2016-08-07 21:28:46.186000,1.10935,1.10915,1250000,3750000
2016-08-07 21:28:46.288000,1.10936,1.10915,3190000,3750000
2016-08-07 21:28:47.189000,1.10935,1.10915,1250000,4500000
2016-08-07 21:28:49.956000,1.10936,1.10915,3190000,3750000
2016-08-07 21:28:50.057000,1.10936,1.10915,3190000,3000000
2016-08-07 21:28:51.146000,1.10936,1.10915,3190000,3750000
2016-08-07 21:28:51.197000,1.10935,1.10915,1250000,4500000
2016-08-07 21:28:53.718000,1.10935,1.10915,1250000,3750000
2016-08-07 21:28:54.003000,1.10935,1.10915,1250000,4500000
2016-08-07 21:28:56.193000,1.10935,1.10915,3190000,4500000
2016-08-07 21:29:00.215000,1.10935,1.10915,2810000,2250000
2016-08-07 21:29:00.317000,1.10935,1.10915,3190000,3000000
2016-08-07 21:29:03.771000,1.10935,1.10915,2810000,2250000
2016-08-07 21:29:05.593000,1.10935,1.10915,3190000,3000000
2016-08-07 21:29:07.240000,1.10935,1.10915,3190000,3750000
2016-08-07 21:29:08.147000,1.10935,1.10915,3190000,4500000
2016-08-07 21:29:08.279000,1.10935,1.10915,2810000,3750000
2016-08-07 21:29:09.287000,1.10935,1.10915,3190000,4500000
2016-08-07 21:29:09.400000,1.10935,1.10915,3190000,3750000
2016-08-07 21:29:09.451000,1.10935,1.10915,2810000,3000000
2016-08-07 21:29:09.553000,1.10935,1.10915,2810000,2250000
2016-08-07 21:29:09.603000,1.10935,1.10915,3190000,3000000
2016-08-07 21:29:10.075000,1.10935,1.10915,2810000,2250000
2016-08-07 21:29:10.210000,1.10935,1.10915,2440000,1500000
2016-08-07 21:29:10.283000,1.10935,1.10915,2810000,2250000
2016-08-07 21:29:10.333000,1.10935,1.10915,3190000,3000000
2016-08-07 21:29:13.508000,1.10935,1.10915,3190000,3750000
2016-08-07 21:29:13.559000,1.10932,1.10915,2250000,4500000
2016-08-07 21:29:13.634000,1.10932,1.10915,2250000,3000000
2016-08-07 21:29:13.841000,1.10930,1.10915,2250000,1500000
2016-08-07 21:29:13.944000,1.10932,1.10915,2250000,4500000
2016-08-07 21:29:14.045000,1.10932,1.10915,2250000,3000000
2016-08-07 21:29:14.409000,1.10929,1.10915,2250000,3000000
2016-08-07 21:29:19.200000,1.10929,1.10915,2250000,2250000
2016-08-07 21:29:19.302000,1.10929,1.10915,2250000,3000000
2016-08-07 21:29:19.404000,1.10929,1.10915,2250000,2250000
2016-08-07 21:29:21.004000,1.10929,1.10915,2250000,3000000
2016-08-07 21:29:35.025000,1.10929,1.10915,2250000,2250000
2016-08-07 21:29:35.076000,1.10929,1.10915,3000000,1500000
2016-08-07 21:29:35.127000,1.10925,1.10915,1000000,2250000
2016-08-07 21:29:35.177000,1.10925,1.10915,1530000,2250000
2016-08-07 21:29:36.103000,1.10925,1.10915,1030000,1500000
2016-08-07 21:29:37.096000,1.10925,1.10915,1530000,2250000
2016-08-07 21:29:38.030000,1.10925,1.10915,1030000,2250000
2016-08-07 21:29:38.081000,1.10934,1.10915,1030000,4500000
2016-08-07 21:29:38.131000,1.10936,1.10915,1720000,3750000
2016-08-07 21:29:38.268000,1.10935,1.10915,1030000,4500000
2016-08-07 21:29:40.163000,1.10936,1.10915,1720000,3750000
2016-08-07 21:29:42.147000,1.10935,1.10915,1030000,4500000
2016-08-07 21:29:42.765000,1.10935,1.10915,1030000,3750000
2016-08-07 21:29:42.867000,1.10936,1.10915,1720000,3000000
2016-08-07 21:29:44.140000,1.10935,1.10915,1030000,3750000
2016-08-07 21:29:44.191000,1.10935,1.10915,1030000,4500000
2016-08-07 21:29:46.252000,1.10936,1.10915,1720000,3750000
2016-08-07 21:29:49.052000,1.10935,1.10915,1030000,4500000
2016-08-07 21:29:49.103000,1.10935,1.10915,1030000,3000000
2016-08-07 21:29:49.550000,1.10933,1.10915,1030000,3000000
2016-08-07 21:29:49.602000,1.10933,1.10915,1030000,2250000
2016-08-07 21:29:49.653000,1.10933,1.10915,1220000,2250000
2016-08-07 21:29:49.705000,1.10933,1.10915,1220000,3000000
2016-08-07 21:29:52.104000,1.10933,1.10915,1220000,2250000
2016-08-07 21:29:53.217000,1.10933,1.10915,1220000,3000000
2016-08-07 21:29:56.255000,1.10934,1.10915,1220000,3000000
2016-08-07 21:29:56.306000,1.10935,1.10915,2090000,2250000
2016-08-07 21:29:56.357000,1.10935,1.10915,1900000,2250000
2016-08-07 21:29:56.408000,1.10936,1.10915,1720000,2250000
2016-08-07 21:29:56.459000,1.10937,1.10915,2470000,2250000
2016-08-07 21:29:56.510000,1.10932,1.10915,2250000,4500000
2016-08-07 21:29:57.028000,1.10931,1.10915,2250000,4500000
2016-08-07 21:29:58.168000,1.10931,1.10915,2250000,3750000
2016-08-07 21:29:58.386000,1.10931,1.10915,2250000,4500000
2016-08-07 21:29:59.267000,1.10931,1.10915,2250000,3750000
2016-08-07 21:30:00.109000,1.10931,1.10915,2250000,4500000
2016-08-07 21:30:01.096000,1.10931,1.10915,2250000,3750000
2016-08-07 21:30:01.400000,1.10932,1.10915,2250000,3000000
2016-08-07 21:30:01.504000,1.10932,1.10915,2250000,2250000
2016-08-07 21:30:01.608000,1.10925,1.10915,1000000,3000000
2016-08-07 21:30:02.374000,1.10925,1.10915,1000000,2250000
2016-08-07 21:30:02.667000,1.10925,1.10915,1000000,3000000
2016-08-07 21:30:05.723000,1.10925,1.10915,1000000,2250000
2016-08-07 21:30:06.169000,1.10925,1.10915,1000000,3000000
2016-08-07 21:30:06.220000,1.10925,1.10915,1250000,3000000
2016-08-07 21:30:06.322000,1.10925,1.10915,1250000,1500000
2016-08-07 21:30:08.483000,1.10928,1.10915,1690000,1500000
2016-08-07 21:30:08.534000,1.10928,1.10915,1500000,1500000
2016-08-07 21:30:08.635000,1.10925,1.10915,2250000,2250000
2016-08-07 21:30:08.736000,1.10925,1.10915,2250000,1500000
2016-08-07 21:30:08.838000,1.10934,1.10915,1190000,1500000
2016-08-07 21:30:08.889000,1.10934,1.10915,1000000,1500000
2016-08-07 21:30:08.965000,1.10934,1.10915,1000000,1000000
2016-08-07 21:30:09.016000,1.10934,1.10915,1000000,1370000
2016-08-07 21:30:09.068000,1.10935,1.10915,1000000,1870000
2016-08-07 21:30:09.120000,1.10933,1.10917,2250000,1500000
2016-08-07 21:30:09.815000,1.10932,1.10917,2250000,1500000
2016-08-07 21:30:13.337000,1.10935,1.10917,1000000,1500000
2016-08-07 21:30:13.388000,1.10937,1.10917,2000000,1500000
2016-08-07 21:30:13.439000,1.10939,1.10917,2060000,1500000
2016-08-07 21:30:13.543000,1.10935,1.10917,1000000,1500000
2016-08-07 21:30:15.090000,1.10939,1.10917,2060000,1500000
2016-08-07 21:30:15.792000,1.10935,1.10917,1000000,1500000
2016-08-07 21:30:18.176000,1.10939,1.10917,2060000,1500000
2016-08-07 21:30:20.848000,1.10935,1.10917,1000000,1500000
2016-08-07 21:30:20.899000,1.10939,1.10917,2060000,1500000
2016-08-07 21:30:22.297000,1.10939,1.10917,1310000,1500000
2016-08-07 21:30:22.348000,1.10935,1.10917,1000000,1500000
2016-08-07 21:30:26.977000,1.10939,1.10917,1310000,1500000
2016-08-07 21:30:27.090000,1.10935,1.10917,1000000,1500000
2016-08-07 21:30:34.294000,1.10935,1.10919,1000000,1000000
2016-08-07 21:30:34.447000,1.10935,1.10919,1000000,1500000
2016-08-07 21:30:34.498000,1.10939,1.10923,1000000,1000000
2016-08-07 21:30:34.549000,1.10941,1.10923,1000000,1000000
2016-08-07 21:30:34.650000,1.10946,1.10923,1190000,1000000
2016-08-07 21:30:35.832000,1.10945,1.10923,1190000,1000000
2016-08-07 21:30:35.883000,1.10944,1.10923,1250000,1000000
2016-08-07 21:30:35.933000,1.10939,1.10916,1190000,1500000
2016-08-07 21:30:35.984000,1.10939,1.10916,1190000,1000000
2016-08-07 21:30:36.035000,1.10935,1.10915,1250000,1000000
2016-08-07 21:30:36.086000,1.10926,1.10915,1000000,1000000
2016-08-07 21:30:36.150000,1.10926,1.10916,1000000,1000000
2016-08-07 21:30:36.202000,1.10930,1.10917,1000000,1000000
2016-08-07 21:30:36.304000,1.10930,1.10919,1000000,1000000
2016-08-07 21:30:36.405000,1.10930,1.10919,1000000,1500000
2016-08-07 21:30:36.456000,1.10928,1.10919,1000000,1500000
2016-08-07 21:30:37.706000,1.10928,1.10923,1000000,1000000
2016-08-07 21:30:37.758000,1.10930,1.10923,1000000,1000000
2016-08-07 21:30:37.816000,1.10925,1.10923,1000000,1000000
2016-08-07 21:30:37.868000,1.10925,1.10923,1500000,1000000
2016-08-07 21:30:37.918000,1.10926,1.10923,750000,1000000
2016-08-07 21:30:37.969000,1.10935,1.10923,1000000,1000000
2016-08-07 21:30:41.803000,1.10936,1.10923,1690000,1000000
2016-08-07 21:30:42.234000,1.10935,1.10923,1000000,1000000
2016-08-07 21:30:42.634000,1.10936,1.10923,1690000,1000000
2016-08-07 21:30:42.806000,1.10935,1.10923,1000000,1000000
2016-08-07 21:30:44.502000,1.10936,1.10923,1690000,1000000
2016-08-07 21:30:44.721000,1.10928,1.10923,1000000,1000000
2016-08-07 21:30:44.773000,1.10928,1.10918,1000000,2250000
2016-08-07 21:30:44.824000,1.10928,1.10918,1000000,1500000
2016-08-07 21:30:45.028000,1.10923,1.10917,1000000,2250000
2016-08-07 21:30:45.079000,1.10927,1.10917,1000000,2250000
2016-08-07 21:30:46.489000,1.10927,1.10917,1000000,1500000
2016-08-07 21:30:55.224000,1.10927,1.10917,1000000,2250000
2016-08-07 21:31:02.211000,1.10925,1.10917,1000000,1500000
2016-08-07 21:31:02.313000,1.10924,1.10917,1000000,1500000
2016-08-07 21:31:02.516000,1.10922,1.10917,1000000,1500000
2016-08-07 21:31:15.234000,1.10926,1.10915,1000000,1500000
2016-08-07 21:31:15.785000,1.10925,1.10915,1000000,1500000
2016-08-07 21:31:16.981000,1.10925,1.10915,1000000,1000000
2016-08-07 21:31:17.093000,1.10925,1.10915,1000000,1500000
2016-08-07 21:31:19.439000,1.10925,1.10914,1000000,1500000
2016-08-07 21:31:19.885000,1.10925,1.10915,1000000,1000000
2016-08-07 21:31:20.195000,1.10926,1.10915,1000000,1500000
2016-08-07 21:31:20.500000,1.10926,1.10915,1000000,1000000
2016-08-07 21:31:20.788000,1.10925,1.10915,1000000,1500000
2016-08-07 21:31:21.297000,1.10926,1.10915,1000000,1500000
2016-08-07 21:31:21.449000,1.10925,1.10915,1000000,1000000
2016-08-07 21:31:21.945000,1.10925,1.10915,1000000,1500000
2016-08-07 21:31:22.042000,1.10925,1.10915,1000000,1000000
2016-08-07 21:31:22.093000,1.10925,1.10915,1000000,1500000
2016-08-07 21:31:22.459000,1.10925,1.10915,1000000,1000000
2016-08-07 21:31:22.561000,1.10925,1.10915,1000000,1500000
2016-08-07 21:31:22.946000,1.10925,1.10915,1000000,1000000
2016-08-07 21:31:23.226000,1.10925,1.10915,1000000,1500000
2016-08-07 21:31:23.478000,1.10925,1.10915,1000000,1000000
2016-08-07 21:31:23.580000,1.10925,1.10915,1000000,1500000
2016-08-07 21:31:23.946000,1.10925,1.10915,1000000,1000000
2016-08-07 21:31:24.192000,1.10925,1.10915,1000000,1500000
2016-08-07 21:31:25.143000,1.10926,1.10915,1000000,1500000
2016-08-07 21:31:25.194000,1.10926,1.10915,1000000,1000000
2016-08-07 21:31:25.565000,1.10925,1.10915,1000000,1500000
2016-08-07 21:31:27.149000,1.10926,1.10915,1000000,1500000
2016-08-07 21:31:27.650000,1.10925,1.10915,1000000,1500000
2016-08-07 21:31:29.401000,1.10925,1.10915,1000000,1000000
2016-08-07 21:31:29.452000,1.10925,1.10915,1000000,1500000
2016-08-07 21:31:32.157000,1.10925,1.10915,1000000,1000000
2016-08-07 21:31:32.379000,1.10925,1.10915,1000000,1500000
2016-08-07 21:31:34.110000,1.10925,1.10915,1000000,1000000
2016-08-07 21:31:34.811000,1.10925,1.10915,1000000,1500000
2016-08-07 21:31:41.072000,1.10926,1.10915,1000000,1500000
2016-08-07 21:31:42.806000,1.10925,1.10915,1000000,1500000
2016-08-07 21:31:42.879000,1.10925,1.10915,1000000,1000000
2016-08-07 21:31:42.980000,1.10926,1.10915,1000000,1500000
2016-08-07 21:31:43.487000,1.10925,1.10915,1000000,1500000
2016-08-07 21:31:45.400000,1.10926,1.10915,1000000,1500000
2016-08-07 21:31:45.908000,1.10925,1.10915,1000000,1500000
2016-08-07 21:31:46.630000,1.10925,1.10915,1000000,1000000
2016-08-07 21:31:46.828000,1.10925,1.10914,1000000,1500000
2016-08-07 21:31:46.878000,1.10925,1.10915,1000000,1000000
2016-08-07 21:31:50.010000,1.10926,1.10915,1000000,1500000
2016-08-07 21:31:50.317000,1.10925,1.10917,1500000,2190000
2016-08-07 21:31:50.368000,1.10925,1.10917,1500000,1500000
2016-08-07 21:31:50.470000,1.10922,1.10917,1000000,1500000
2016-08-07 21:31:51.258000,1.10922,1.10917,1000000,2250000
2016-08-07 21:32:02.779000,1.10922,1.10917,1000000,1500000
2016-08-07 21:32:04.755000,1.10922,1.10917,1000000,2250000
2016-08-07 21:32:05.750000,1.10922,1.10917,1000000,1500000
2016-08-07 21:32:07.282000,1.10922,1.10917,1000000,2250000
2016-08-07 21:32:08.495000,1.10922,1.10917,1000000,1500000
2016-08-07 21:32:17.181000,1.10922,1.10917,1000000,2250000
2016-08-07 21:32:21.404000,1.10922,1.10917,1000000,1500000
2016-08-07 21:32:59.473000,1.10925,1.10919,1000000,1000000
2016-08-07 21:32:59.524000,1.10926,1.10919,1000000,1500000
2016-08-07 21:32:59.676000,1.10926,1.10920,1000000,1000000
2016-08-07 21:32:59.727000,1.10926,1.10922,1000000,1000000
2016-08-07 21:32:59.778000,1.10929,1.10922,1000000,1000000
2016-08-07 21:32:59.829000,1.10929,1.10922,1000000,1500000
2016-08-07 21:33:03.557000,1.10929,1.10922,1000000,1000000
2016-08-07 21:33:03.758000,1.10929,1.10922,1000000,1500000
2016-08-07 21:33:04.139000,1.10929,1.10922,1000000,1000000
2016-08-07 21:33:13.607000,1.10929,1.10921,1000000,1500000
2016-08-07 21:33:21.145000,1.10929,1.10921,1000000,1000000
2016-08-07 21:33:22.748000,1.10929,1.10921,1000000,1500000
2016-08-07 21:33:25.196000,1.10929,1.10921,1000000,1000000
2016-08-07 21:33:42.233000,1.10929,1.10921,1000000,1500000
2016-08-07 21:33:44.545000,1.10929,1.10921,1000000,1000000
2016-08-07 21:33:46.148000,1.10929,1.10921,1000000,1500000
2016-08-07 21:33:47.150000,1.10929,1.10921,1000000,1000000
2016-08-07 21:33:47.550000,1.10929,1.10921,1000000,1500000
2016-08-07 21:33:47.628000,1.10929,1.10921,1000000,1000000
2016-08-07 21:33:49.152000,1.10929,1.10921,1000000,1500000
2016-08-07 21:33:50.153000,1.10929,1.10921,1000000,1000000
2016-08-07 21:33:50.255000,1.10929,1.10921,1000000,1500000
2016-08-07 21:33:55.233000,1.10929,1.10921,1000000,1000000
2016-08-07 21:33:55.335000,1.10929,1.10921,1000000,1500000
2016-08-07 21:33:57.873000,1.10929,1.10921,1000000,1000000
2016-08-07 21:33:59.138000,1.10929,1.10921,1000000,1500000
2016-08-07 21:33:59.240000,1.10929,1.10921,1000000,1000000
2016-08-07 21:34:01.810000,1.10929,1.10920,1000000,2250000
2016-08-07 21:34:07.245000,1.10929,1.10920,1000000,1500000
2016-08-07 21:34:07.545000,1.10929,1.10920,1000000,2250000
2016-08-07 21:34:08.205000,1.10929,1.10921,1000000,1000000
2016-08-07 21:34:17.136000,1.10929,1.10920,1000000,1500000
2016-08-07 21:34:17.238000,1.10929,1.10920,1000000,1000000
2016-08-07 21:34:21.146000,1.10929,1.10920,1000000,1500000
2016-08-07 21:34:21.248000,1.10929,1.10920,1000000,1000000
2016-08-07 21:34:37.673000,1.10929,1.10919,1000000,1500000
2016-08-07 21:34:38.186000,1.10928,1.10919,1000000,1500000
2016-08-07 21:34:41.002000,1.10928,1.10919,1000000,1000000
2016-08-07 21:34:57.397000,1.10928,1.10918,1000000,1000000
2016-08-07 21:34:57.448000,1.10928,1.10916,1000000,1500000
2016-08-07 21:34:57.499000,1.10926,1.10917,1000000,1500000
2016-08-07 21:34:57.550000,1.10925,1.10917,1000000,1500000
2016-08-07 21:34:57.600000,1.10923,1.10917,1000000,1500000
2016-08-07 21:36:11.152000,1.10925,1.10917,1000000,1500000
2016-08-07 21:36:11.689000,1.10926,1.10917,1000000,1500000
2016-08-07 21:36:12.225000,1.10923,1.10917,1000000,1500000
2016-08-07 21:37:00.216000,1.10932,1.10917,1000000,1500000
2016-08-07 21:37:09.183000,1.10923,1.10917,1000000,1500000
2016-08-07 21:37:20.199000,1.10932,1.10917,1000000,1500000
2016-08-07 21:37:30.177000,1.10925,1.10917,1000000,1500000
2016-08-07 21:37:30.228000,1.10923,1.10917,1000000,1500000
2016-08-07 21:37:50.258000,1.10932,1.10917,1000000,1500000
2016-08-07 21:37:58.121000,1.10925,1.10917,1000000,1500000
2016-08-07 21:38:00.248000,1.10923,1.10917,1000000,1500000
2016-08-07 21:38:21.616000,1.10921,1.10915,750000,1000000
2016-08-07 21:38:21.689000,1.10923,1.10915,1000000,1000000
2016-08-07 21:38:21.943000,1.10912,1.10894,1000000,1000000
2016-08-07 21:38:21.994000,1.10910,1.10893,1000000,1000000
2016-08-07 21:38:22.112000,1.10895,1.10893,1500000,1500000
2016-08-07 21:38:22.164000,1.10893,1.10891,1000000,1000000
2016-08-07 21:38:22.216000,1.10893,1.10880,1000000,1000000
2016-08-07 21:38:22.268000,1.10893,1.10880,1500000,1000000
2016-08-07 21:38:22.320000,1.10889,1.10869,1000000,1500000
2016-08-07 21:38:22.371000,1.10885,1.10875,1000000,380000
2016-08-07 21:38:22.473000,1.10881,1.10857,1000000,1500000
2016-08-07 21:38:22.525000,1.10878,1.10854,1000000,1000000
2016-08-07 21:38:22.576000,1.10874,1.10864,1000000,2250000
2016-08-07 21:38:22.627000,1.10870,1.10863,1000000,2250000
2016-08-07 21:38:22.678000,1.10864,1.10845,1000000,1450000
2016-08-07 21:38:22.729000,1.10861,1.10843,1000000,1500000
2016-08-07 21:38:22.781000,1.10859,1.10853,1500000,1000000
2016-08-07 21:38:22.883000,1.10858,1.10849,1000000,1000000
2016-08-07 21:38:22.985000,1.10860,1.10846,3000000,1000000
2016-08-07 21:38:23.073000,1.10860,1.10849,1000000,1000000
2016-08-07 21:38:23.278000,1.10865,1.10847,1500000,1870000
2016-08-07 21:38:23.369000,1.10869,1.10836,1500000,1010000
2016-08-07 21:38:23.522000,1.10869,1.10836,1000000,1010000
2016-08-07 21:38:23.623000,1.10869,1.10836,1000000,1510000
2016-08-07 21:38:23.674000,1.10869,1.10836,1000000,1500000
2016-08-07 21:38:23.725000,1.10866,1.10836,1000000,1500000
2016-08-07 21:38:24.324000,1.10865,1.10837,1000000,1000000
2016-08-07 21:38:24.375000,1.10866,1.10837,1000000,1000000
2016-08-07 21:38:24.427000,1.10869,1.10837,1000000,1500000
2016-08-07 21:38:24.506000,1.10869,1.10838,1000000,1000000
2016-08-07 21:38:24.558000,1.10873,1.10839,2250000,1000000
2016-08-07 21:38:24.610000,1.10873,1.10841,2250000,1000000
2016-08-07 21:38:24.860000,1.10873,1.10848,1000000,1000000
2016-08-07 21:38:24.912000,1.10877,1.10848,1000000,1000000
2016-08-07 21:38:25.014000,1.10876,1.10850,1000000,1000000
2016-08-07 21:38:25.129000,1.10879,1.10850,1000000,1000000
2016-08-07 21:38:25.476000,1.10879,1.10850,750000,1000000
2016-08-07 21:38:25.690000,1.10879,1.10850,1000000,1000000
2016-08-07 21:38:25.991000,1.10879,1.10850,750000,1000000
2016-08-07 21:38:26.054000,1.10893,1.10850,1000000,1000000
2016-08-07 21:38:30.090000,1.10893,1.10850,1500000,1000000
2016-08-07 21:38:30.192000,1.10892,1.10850,1000000,1500000
2016-08-07 21:38:30.294000,1.10892,1.10850,1500000,1000000
2016-08-07 21:38:31.341000,1.10892,1.10850,1000000,1000000
2016-08-07 21:38:31.642000,1.10892,1.10850,1500000,1000000
2016-08-07 21:38:31.810000,1.10892,1.10850,1000000,1000000
2016-08-07 21:38:32.344000,1.10892,1.10850,1500000,1000000
2016-08-07 21:38:33.648000,1.10892,1.10850,1500000,2250000
2016-08-07 21:38:34.719000,1.10892,1.10850,1500000,1500000
2016-08-07 21:38:34.770000,1.10892,1.10850,1500000,2250000
2016-08-07 21:38:35.227000,1.10892,1.10852,1000000,1000000
2016-08-07 21:38:35.278000,1.10891,1.10852,1000000,1500000
2016-08-07 21:38:35.330000,1.10890,1.10853,1000000,1000000
2016-08-07 21:38:35.432000,1.10890,1.10855,1000000,1000000
2016-08-07 21:38:35.496000,1.10890,1.10855,1500000,1500000
2016-08-07 21:38:35.547000,1.10892,1.10856,1000000,1000000
2016-08-07 21:38:35.649000,1.10894,1.10856,1000000,1000000
2016-08-07 21:38:37.354000,1.10894,1.10856,1000000,1500000
2016-08-07 21:38:38.306000,1.10897,1.10856,1000000,1500000
2016-08-07 21:38:38.408000,1.10898,1.10859,1000000,1000000
2016-08-07 21:38:38.459000,1.10902,1.10859,1000000,1000000
2016-08-07 21:38:38.510000,1.10898,1.10858,1000000,1000000
2016-08-07 21:38:38.561000,1.10898,1.10858,1500000,1000000
2016-08-07 21:38:39.312000,1.10900,1.10858,1000000,1000000
2016-08-07 21:38:39.363000,1.10901,1.10859,3750000,1000000
2016-08-07 21:38:39.414000,1.10901,1.10859,3000000,1000000
2016-08-07 21:38:39.465000,1.10902,1.10859,1500000,1000000
2016-08-07 21:38:40.155000,1.10902,1.10859,1000000,1000000
2016-08-07 21:38:40.359000,1.10902,1.10859,1500000,1000000
2016-08-07 21:38:40.859000,1.10902,1.10859,1000000,1000000
2016-08-07 21:38:41.149000,1.10902,1.10859,1500000,1000000
2016-08-07 21:38:41.861000,1.10902,1.10859,1000000,1000000
2016-08-07 21:38:41.962000,1.10902,1.10859,1500000,1000000
2016-08-07 21:38:43.143000,1.10902,1.10859,1000000,1000000
2016-08-07 21:38:43.363000,1.10902,1.10859,1500000,1000000
2016-08-07 21:38:43.630000,1.10902,1.10859,1000000,1000000
2016-08-07 21:38:43.864000,1.10902,1.10859,1500000,1000000
2016-08-07 21:38:43.967000,1.10902,1.10859,1000000,1000000
2016-08-07 21:38:44.029000,1.10900,1.10859,1000000,1000000
2016-08-07 21:38:44.080000,1.10900,1.10859,1500000,1000000
2016-08-07 21:38:45.969000,1.10900,1.10858,2250000,1500000
2016-08-07 21:38:46.037000,1.10900,1.10859,1000000,1000000
2016-08-07 21:38:46.088000,1.10901,1.10858,1000000,1500000
2016-08-07 21:38:46.139000,1.10901,1.10858,1500000,1000000
2016-08-07 21:38:47.373000,1.10901,1.10858,1000000,1000000
2016-08-07 21:38:47.673000,1.10901,1.10858,1500000,1000000
2016-08-07 21:38:49.881000,1.10901,1.10858,1000000,1000000
2016-08-07 21:38:50.182000,1.10901,1.10858,1500000,1000000
2016-08-07 21:38:50.233000,1.10901,1.10858,1000000,1000000
2016-08-07 21:38:50.386000,1.10906,1.10858,1000000,1000000
2016-08-07 21:38:50.635000,1.10902,1.10858,1000000,1000000
2016-08-07 21:38:51.348000,1.10903,1.10858,1000000,1000000
2016-08-07 21:38:51.876000,1.10902,1.10858,1000000,1000000
2016-08-07 21:38:52.667000,1.10903,1.10858,1000000,1000000
2016-08-07 21:38:53.195000,1.10902,1.10858,1000000,1000000
2016-08-07 21:38:54.550000,1.10906,1.10858,2250000,1500000
2016-08-07 21:38:54.603000,1.10906,1.10858,1000000,1500000
2016-08-07 21:38:54.688000,1.10903,1.10858,1000000,1000000
2016-08-07 21:38:55.894000,1.10904,1.10858,1000000,1000000
2016-08-07 21:38:56.577000,1.10903,1.10858,1000000,1000000
2016-08-07 21:38:57.247000,1.10903,1.10859,1000000,1000000
2016-08-07 21:38:57.298000,1.10905,1.10859,1000000,1000000
2016-08-07 21:38:57.399000,1.10900,1.10858,1000000,1000000
2016-08-07 21:38:57.500000,1.10896,1.10856,1500000,1000000
2016-08-07 21:38:57.602000,1.10894,1.10855,1000000,1500000
2016-08-07 21:38:57.703000,1.10894,1.10854,1500000,1000000
2016-08-07 21:38:57.754000,1.10894,1.10853,1000000,1500000
2016-08-07 21:38:57.805000,1.10899,1.10853,1500000,1500000
2016-08-07 21:38:58.120000,1.10899,1.10855,1000000,1000000
2016-08-07 21:38:58.211000,1.10904,1.10855,1500000,1500000
2016-08-07 21:38:58.262000,1.10904,1.10855,1500000,1000000
2016-08-07 21:38:58.349000,1.10904,1.10854,1500000,1000000
2016-08-07 21:38:58.501000,1.10904,1.10855,1500000,1500000
2016-08-07 21:38:58.603000,1.10904,1.10855,1500000,1000000
2016-08-07 21:38:58.806000,1.10904,1.10855,1500000,1500000
2016-08-07 21:38:59.704000,1.10904,1.10855,1500000,1000000
2016-08-07 21:39:00.095000,1.10904,1.10855,1500000,1500000
2016-08-07 21:39:00.275000,1.10904,1.10855,1500000,1000000
2016-08-07 21:39:00.327000,1.10904,1.10854,1500000,1500000
2016-08-07 21:39:00.430000,1.10904,1.10854,1500000,2250000
2016-08-07 21:39:00.481000,1.10904,1.10855,1500000,1000000
2016-08-07 21:39:00.597000,1.10904,1.10855,1500000,1500000
2016-08-07 21:39:02.202000,1.10904,1.10855,1500000,1000000
2016-08-07 21:39:02.719000,1.10904,1.10856,1500000,1000000
2016-08-07 21:39:04.215000,1.10904,1.10856,1000000,1000000
2016-08-07 21:39:04.316000,1.10904,1.10855,1000000,2250000
2016-08-07 21:39:04.519000,1.10904,1.10856,1000000,1000000
2016-08-07 21:39:05.994000,1.10904,1.10855,1000000,2250000
2016-08-07 21:39:06.418000,1.10904,1.10856,1000000,1000000
2016-08-07 21:39:06.723000,1.10904,1.10855,1000000,2250000
2016-08-07 21:39:07.020000,1.10904,1.10856,1000000,1000000
2016-08-07 21:39:07.622000,1.10904,1.10857,1000000,1000000
2016-08-07 21:39:07.724000,1.10904,1.10855,1000000,2250000
2016-08-07 21:39:07.932000,1.10904,1.10857,1000000,1000000
2016-08-07 21:39:07.983000,1.10906,1.10857,1000000,1000000
2016-08-07 21:39:08.121000,1.10905,1.10855,1000000,2250000
2016-08-07 21:39:08.172000,1.10904,1.10855,1000000,2250000
2016-08-07 21:39:08.961000,1.10904,1.10855,1000000,1500000
2016-08-07 21:39:09.023000,1.10904,1.10855,1000000,1000000
2016-08-07 21:39:09.226000,1.10904,1.10855,1000000,2250000
2016-08-07 21:39:09.528000,1.10904,1.10855,1000000,1500000
2016-08-07 21:39:09.748000,1.10904,1.10855,1000000,2250000
2016-08-07 21:39:12.432000,1.10904,1.10856,1000000,1000000
2016-08-07 21:39:13.539000,1.10904,1.10855,1000000,1500000
2016-08-07 21:39:13.738000,1.10904,1.10856,1000000,1000000
2016-08-07 21:39:14.341000,1.10904,1.10858,1000000,1000000
2016-08-07 21:39:14.392000,1.10905,1.10858,1500000,1000000
2016-08-07 21:39:14.495000,1.10904,1.10858,1000000,1000000
2016-08-07 21:39:14.575000,1.10904,1.10855,1000000,2250000
2016-08-07 21:39:15.635000,1.10904,1.10856,1000000,1000000
2016-08-07 21:39:15.686000,1.10903,1.10856,3000000,1000000
2016-08-07 21:39:15.738000,1.10902,1.10855,1000000,1000000
2016-08-07 21:39:15.839000,1.10904,1.10855,1000000,1000000
2016-08-07 21:39:15.943000,1.10905,1.10855,3750000,1000000
2016-08-07 21:39:16.635000,1.10905,1.10855,3000000,1000000
2016-08-07 21:39:16.698000,1.10905,1.10855,3750000,1000000
2016-08-07 21:39:17.339000,1.10903,1.10855,1500000,1000000
2016-08-07 21:39:17.447000,1.10903,1.10855,1000000,1000000
2016-08-07 21:39:18.448000,1.10903,1.10855,1000000,1500000
2016-08-07 21:39:18.999000,1.10903,1.10855,1000000,1000000
2016-08-07 21:39:19.050000,1.10903,1.10855,1000000,1500000
2016-08-07 21:39:19.336000,1.10903,1.10855,1000000,1120000
2016-08-07 21:39:19.451000,1.10903,1.10855,1000000,2250000
2016-08-07 21:39:19.553000,1.10903,1.10855,1000000,1500000
2016-08-07 21:39:19.621000,1.10903,1.10855,1000000,2250000
2016-08-07 21:39:20.755000,1.10903,1.10855,1000000,1500000
2016-08-07 21:39:21.022000,1.10903,1.10855,1000000,1000000
2016-08-07 21:39:21.073000,1.10903,1.10855,1000000,1500000
2016-08-07 21:39:21.256000,1.10903,1.10855,1000000,1000000
2016-08-07 21:39:21.521000,1.10903,1.10855,1000000,1500000
2016-08-07 21:39:21.572000,1.10903,1.10855,1000000,2250000
2016-08-07 21:39:22.445000,1.10903,1.10855,1000000,1500000
2016-08-07 21:39:22.760000,1.10903,1.10855,1000000,2250000
2016-08-07 21:39:24.175000,1.10904,1.10873,1000000,750000
2016-08-07 21:39:24.227000,1.10901,1.10873,1000000,1000000
2016-08-07 21:39:24.278000,1.10901,1.10873,1500000,1000000
2016-08-07 21:39:24.330000,1.10901,1.10873,1000000,1500000
2016-08-07 21:39:24.381000,1.10904,1.10873,1000000,1500000
2016-08-07 21:39:24.949000,1.10904,1.10873,1000000,1000000
2016-08-07 21:39:26.256000,1.10904,1.10873,1000000,1500000
2016-08-07 21:39:28.773000,1.10904,1.10873,1000000,1000000
2016-08-07 21:39:29.023000,1.10904,1.10873,1000000,1500000
2016-08-07 21:39:30.037000,1.10904,1.10873,1000000,1000000
2016-08-07 21:39:30.095000,1.10905,1.10873,1500000,1000000
2016-08-07 21:39:30.146000,1.10905,1.10873,1500000,1500000
2016-08-07 21:39:31.027000,1.10905,1.10873,1500000,1000000
2016-08-07 21:39:31.327000,1.10905,1.10873,1500000,1500000
2016-08-07 21:39:32.579000,1.10905,1.10873,1500000,1000000
2016-08-07 21:39:32.830000,1.10905,1.10873,1500000,1500000
2016-08-07 21:39:33.132000,1.10905,1.10874,1500000,1000000
2016-08-07 21:39:33.234000,1.10905,1.10874,1000000,1000000
2016-08-07 21:39:33.336000,1.10905,1.10874,1500000,1000000
2016-08-07 21:39:33.569000,1.10905,1.10874,1000000,1000000
2016-08-07 21:39:33.883000,1.10905,1.10874,1500000,1000000
2016-08-07 21:39:37.884000,1.10905,1.10874,1000000,1000000
2016-08-07 21:39:38.174000,1.10905,1.10874,1500000,1000000
2016-08-07 21:39:38.389000,1.10905,1.10874,1000000,1000000
2016-08-07 21:39:38.592000,1.10905,1.10874,1500000,1000000
2016-08-07 21:39:39.744000,1.10905,1.10874,1000000,1000000
2016-08-07 21:39:40.243000,1.10905,1.10874,1500000,1000000
2016-08-07 21:39:42.095000,1.10905,1.10874,1000000,1000000
2016-08-07 21:39:42.248000,1.10905,1.10874,1500000,1000000
2016-08-07 21:39:43.851000,1.10905,1.10874,1000000,1000000
2016-08-07 21:39:44.097000,1.10905,1.10874,1500000,1000000
2016-08-07 21:39:44.298000,1.10905,1.10874,1000000,1000000
2016-08-07 21:39:44.853000,1.10905,1.10874,1500000,1000000
2016-08-07 21:39:47.102000,1.10905,1.10874,1000000,1000000
2016-08-07 21:39:47.154000,1.10905,1.10874,1500000,1000000
2016-08-07 21:39:47.587000,1.10905,1.10874,1000000,1000000
2016-08-07 21:39:47.861000,1.10905,1.10874,1500000,1000000
2016-08-07 21:39:50.159000,1.10908,1.10874,1500000,1000000
2016-08-07 21:39:52.162000,1.10896,1.10873,1000000,1500000
2016-08-07 21:39:52.259000,1.10896,1.10873,1500000,1500000
2016-08-07 21:39:52.310000,1.10896,1.10873,1500000,1000000
2016-08-07 21:39:52.371000,1.10896,1.10873,1000000,1000000
2016-08-07 21:40:00.611000,1.10896,1.10872,1000000,1000000
2016-08-07 21:40:01.159000,1.10895,1.10872,1000000,1000000
2016-08-07 21:40:01.210000,1.10895,1.10871,1000000,2250000
2016-08-07 21:40:01.312000,1.10895,1.10872,1000000,1000000
2016-08-07 21:40:05.572000,1.10896,1.10872,1000000,1000000
2016-08-07 21:40:08.168000,1.10897,1.10872,1000000,1000000
2016-08-07 21:40:08.270000,1.10900,1.10872,1000000,1000000
2016-08-07 21:40:08.323000,1.10899,1.10871,1000000,2250000
2016-08-07 21:40:08.374000,1.10900,1.10871,1500000,2250000
2016-08-07 21:40:08.425000,1.10900,1.10872,1500000,1000000
2016-08-07 21:40:08.476000,1.10900,1.10872,1000000,1000000
2016-08-07 21:40:13.725000,1.10900,1.10871,1000000,2250000
2016-08-07 21:40:13.951000,1.10900,1.10872,1000000,1000000
2016-08-07 21:40:14.558000,1.10900,1.10871,1000000,2250000
2016-08-07 21:40:14.726000,1.10900,1.10872,1000000,1000000
2016-08-07 21:40:14.953000,1.10900,1.10871,1000000,2250000
2016-08-07 21:40:15.117000,1.10900,1.10872,1000000,1000000
2016-08-07 21:40:15.228000,1.10900,1.10871,1000000,2250000
2016-08-07 21:40:15.449000,1.10900,1.10872,1000000,1000000
2016-08-07 21:40:15.955000,1.10900,1.10871,1000000,2250000
2016-08-07 21:40:16.117000,1.10900,1.10872,1000000,1000000
2016-08-07 21:40:18.734000,1.10900,1.10871,1000000,2250000
2016-08-07 21:40:18.963000,1.10900,1.10872,1000000,1000000
2016-08-07 21:40:20.316000,1.10900,1.10871,1000000,2250000
2016-08-07 21:40:20.537000,1.10900,1.10872,1000000,1000000
2016-08-07 21:40:22.608000,1.10899,1.10872,1000000,1000000
2016-08-07 21:40:25.045000,1.10899,1.10871,1000000,2250000
2016-08-07 21:40:25.147000,1.10899,1.10872,1000000,1000000
2016-08-07 21:40:26.747000,1.10899,1.10871,1000000,2250000
2016-08-07 21:40:27.048000,1.10899,1.10872,1000000,1000000
2016-08-07 21:40:27.149000,1.10899,1.10871,1000000,2250000
2016-08-07 21:40:27.614000,1.10899,1.10872,1000000,1000000
2016-08-07 21:40:30.104000,1.10898,1.10872,1000000,1000000
2016-08-07 21:40:30.155000,1.10898,1.10872,1500000,1000000
2016-08-07 21:40:32.863000,1.10898,1.10871,1500000,2250000
2016-08-07 21:40:33.079000,1.10898,1.10872,1500000,1000000
2016-08-07 21:40:33.860000,1.10898,1.10871,1500000,2250000
2016-08-07 21:40:34.060000,1.10898,1.10872,1500000,1000000
2016-08-07 21:40:34.111000,1.10898,1.10872,1000000,1000000
2016-08-07 21:40:36.565000,1.10898,1.10871,1000000,2250000
2016-08-07 21:40:36.865000,1.10898,1.10872,1000000,1000000
2016-08-07 21:40:39.068000,1.10898,1.10871,1000000,2250000
2016-08-07 21:40:39.250000,1.10898,1.10872,1000000,1000000
2016-08-07 21:40:39.569000,1.10898,1.10871,1000000,2250000
2016-08-07 21:40:39.772000,1.10898,1.10872,1000000,1000000
2016-08-07 21:40:40.110000,1.10899,1.10872,1500000,1000000
2016-08-07 21:40:43.349000,1.10899,1.10872,1000000,1000000
2016-08-07 21:40:44.556000,1.10899,1.10871,1000000,2250000
2016-08-07 21:40:44.901000,1.10899,1.10872,1000000,1000000
2016-08-07 21:40:47.883000,1.10899,1.10871,1000000,2250000
2016-08-07 21:40:48.266000,1.10899,1.10872,1000000,1000000
2016-08-07 21:40:48.960000,1.10899,1.10871,1000000,2250000
2016-08-07 21:40:49.168000,1.10899,1.10872,1000000,1000000
2016-08-07 21:40:49.886000,1.10899,1.10871,1000000,2250000
2016-08-07 21:40:50.067000,1.10899,1.10872,1000000,1000000
2016-08-07 21:40:50.568000,1.10898,1.10872,1000000,1000000
2016-08-07 21:40:50.888000,1.10898,1.10871,1000000,2250000
2016-08-07 21:40:50.990000,1.10898,1.10872,1000000,1000000
2016-08-07 21:40:51.701000,1.10898,1.10871,1000000,2250000
2016-08-07 21:40:51.890000,1.10898,1.10872,1000000,1000000
2016-08-07 21:40:52.418000,1.10898,1.10871,1000000,2250000
2016-08-07 21:40:52.571000,1.10898,1.10872,1000000,1000000
2016-08-07 21:40:53.380000,1.10898,1.10871,1000000,2250000
2016-08-07 21:40:53.596000,1.10898,1.10872,1000000,1000000
2016-08-07 21:40:56.402000,1.10898,1.10871,1000000,2250000
2016-08-07 21:40:56.598000,1.10898,1.10872,1000000,1000000
2016-08-07 21:40:58.403000,1.10898,1.10871,1000000,2250000
2016-08-07 21:40:58.706000,1.10898,1.10872,1000000,1000000
2016-08-07 21:41:01.009000,1.10898,1.10871,1000000,2250000
2016-08-07 21:41:01.212000,1.10898,1.10872,1000000,1000000
2016-08-07 21:41:03.216000,1.10898,1.10871,1000000,2250000
2016-08-07 21:41:03.413000,1.10898,1.10872,1000000,1000000
2016-08-07 21:41:08.598000,1.10898,1.10871,1000000,2250000
2016-08-07 21:41:08.824000,1.10898,1.10872,1000000,1000000
2016-08-07 21:41:10.703000,1.10898,1.10871,1000000,2250000
2016-08-07 21:41:10.902000,1.10898,1.10872,1000000,1000000
2016-08-07 21:41:13.494000,1.10900,1.10872,2440000,1000000
2016-08-07 21:41:13.545000,1.10897,1.10872,1000000,1000000
2016-08-07 21:41:14.213000,1.10897,1.10871,1000000,1500000
2016-08-07 21:41:14.410000,1.10897,1.10872,1000000,1000000
2016-08-07 21:41:14.912000,1.10897,1.10871,1000000,1500000
2016-08-07 21:41:15.188000,1.10897,1.10872,1000000,1000000
2016-08-07 21:41:17.756000,1.10897,1.10871,1000000,1500000
2016-08-07 21:41:17.958000,1.10897,1.10872,1000000,1000000
2016-08-07 21:41:18.449000,1.10897,1.10871,1000000,1500000
2016-08-07 21:41:18.757000,1.10897,1.10872,1000000,1000000
2016-08-07 21:41:18.950000,1.10897,1.10871,1000000,1500000
2016-08-07 21:41:19.027000,1.10897,1.10872,1000000,1000000
2016-08-07 21:41:19.229000,1.10897,1.10871,1000000,1500000
2016-08-07 21:41:19.331000,1.10897,1.10872,1000000,1000000
2016-08-07 21:41:19.451000,1.10897,1.10871,1000000,1500000
2016-08-07 21:41:19.759000,1.10897,1.10872,1000000,1000000
2016-08-07 21:41:20.760000,1.10897,1.10871,1000000,1500000
2016-08-07 21:41:20.955000,1.10897,1.10872,1000000,1000000
2016-08-07 21:41:23.065000,1.10897,1.10871,1000000,1500000
2016-08-07 21:41:23.167000,1.10897,1.10872,1000000,1000000
2016-08-07 21:41:23.460000,1.10897,1.10871,1000000,1500000
2016-08-07 21:41:23.562000,1.10897,1.10872,1000000,1000000
2016-08-07 21:41:24.347000,1.10897,1.10871,1000000,1500000
2016-08-07 21:41:24.678000,1.10897,1.10872,1000000,1000000
2016-08-07 21:41:26.768000,1.10897,1.10871,1000000,1500000
2016-08-07 21:41:27.059000,1.10897,1.10872,1000000,1000000
2016-08-07 21:41:30.974000,1.10897,1.10871,1000000,1500000
2016-08-07 21:41:31.279000,1.10897,1.10872,1000000,1000000
2016-08-07 21:41:32.482000,1.10897,1.10871,1000000,1500000
2016-08-07 21:41:32.782000,1.10897,1.10872,1000000,1000000
2016-08-07 21:41:33.458000,1.10897,1.10871,1000000,1500000
2016-08-07 21:41:33.958000,1.10897,1.10872,1000000,1000000
2016-08-07 21:41:35.863000,1.10897,1.10871,1000000,1500000
2016-08-07 21:41:36.063000,1.10897,1.10872,1000000,1000000
2016-08-07 21:41:37.765000,1.10897,1.10871,1000000,1500000
2016-08-07 21:41:38.094000,1.10897,1.10872,1000000,1000000
2016-08-07 21:41:38.311000,1.10897,1.10871,1000000,1500000
2016-08-07 21:41:38.795000,1.10897,1.10872,1000000,1000000
2016-08-07 21:41:41.200000,1.10897,1.10871,1000000,1500000
2016-08-07 21:41:41.302000,1.10897,1.10872,1000000,1000000
2016-08-07 21:41:43.602000,1.10897,1.10871,1000000,1000000
2016-08-07 21:41:44.106000,1.10897,1.10872,1000000,1000000
2016-08-07 21:41:44.603000,1.10897,1.10871,1000000,1500000
2016-08-07 21:41:44.799000,1.10897,1.10872,1000000,1000000
2016-08-07 21:41:45.604000,1.10897,1.10871,1000000,1500000
2016-08-07 21:41:45.810000,1.10897,1.10872,1000000,1000000
2016-08-07 21:41:46.312000,1.10897,1.10871,1000000,1500000
2016-08-07 21:41:46.606000,1.10897,1.10872,1000000,1000000
2016-08-07 21:41:48.909000,1.10897,1.10871,1000000,2250000
2016-08-07 21:41:49.117000,1.10897,1.10872,1000000,1000000
2016-08-07 21:41:50.991000,1.10897,1.10871,1000000,2250000
2016-08-07 21:41:51.093000,1.10897,1.10872,1000000,1000000
2016-08-07 21:41:52.163000,1.10897,1.10871,1000000,2250000
2016-08-07 21:41:52.429000,1.10897,1.10872,1000000,1000000
2016-08-07 21:41:53.393000,1.10897,1.10871,1000000,2250000
2016-08-07 21:41:53.496000,1.10897,1.10872,1000000,1000000
2016-08-07 21:41:53.598000,1.10897,1.10871,1000000,2250000
2016-08-07 21:41:53.850000,1.10897,1.10872,1000000,1000000
2016-08-07 21:41:54.104000,1.10897,1.10871,1000000,2250000
2016-08-07 21:41:54.205000,1.10897,1.10872,1000000,1000000
2016-08-07 21:41:55.426000,1.10897,1.10871,1000000,2250000
2016-08-07 21:41:55.653000,1.10897,1.10872,1000000,1000000
2016-08-07 21:41:57.419000,1.10897,1.10871,1000000,2250000
2016-08-07 21:41:57.514000,1.10897,1.10872,1000000,1000000
2016-08-07 21:41:58.885000,1.10897,1.10872,1190000,1000000
2016-08-07 21:41:58.936000,1.10895,1.10872,3070000,1000000
2016-08-07 21:41:59.141000,1.10895,1.10872,3260000,1000000
2016-08-07 21:41:59.192000,1.10895,1.10872,2810000,1000000
2016-08-07 21:41:59.243000,1.10895,1.10872,3560000,1000000
2016-08-07 21:41:59.604000,1.10895,1.10872,2810000,1000000
2016-08-07 21:41:59.706000,1.10894,1.10872,1120000,1000000
2016-08-07 21:42:01.142000,1.10895,1.10872,1620000,1000000
2016-08-07 21:42:01.206000,1.10895,1.10872,2060000,1000000
2016-08-07 21:42:01.257000,1.10895,1.10872,3560000,1000000
2016-08-07 21:42:01.408000,1.10895,1.10872,2810000,1000000
2016-08-07 21:42:01.510000,1.10895,1.10872,3560000,1000000
2016-08-07 21:42:01.663000,1.10895,1.10872,2810000,1000000
2016-08-07 21:42:01.909000,1.10895,1.10872,2060000,1000000
2016-08-07 21:42:01.961000,1.10895,1.10872,1620000,1000000
2016-08-07 21:42:02.127000,1.10894,1.10872,1120000,1000000
2016-08-07 21:42:02.250000,1.10895,1.10872,2810000,1000000
2016-08-07 21:42:02.352000,1.10895,1.10872,1620000,1000000
2016-08-07 21:42:02.454000,1.10894,1.10872,1120000,1000000
2016-08-07 21:42:03.447000,1.10895,1.10871,3560000,2250000
2016-08-07 21:42:03.717000,1.10894,1.10872,1120000,1000000
2016-08-07 21:42:05.420000,1.10895,1.10872,2810000,1000000
2016-08-07 21:42:05.471000,1.10895,1.10872,1620000,1000000
2016-08-07 21:42:05.557000,1.10895,1.10872,3560000,1000000
2016-08-07 21:42:05.925000,1.10895,1.10871,2810000,2250000
2016-08-07 21:42:06.027000,1.10895,1.10872,3560000,1000000
2016-08-07 21:42:06.108000,1.10895,1.10872,2810000,1000000
2016-08-07 21:42:06.282000,1.10895,1.10872,3560000,1000000
2016-08-07 21:42:06.469000,1.10894,1.10872,1120000,1000000
2016-08-07 21:42:06.624000,1.10895,1.10871,3560000,2250000
2016-08-07 21:42:06.823000,1.10894,1.10872,1120000,1000000
2016-08-07 21:42:10.031000,1.10895,1.10871,3560000,2250000
2016-08-07 21:42:10.167000,1.10894,1.10872,1120000,1000000
2016-08-07 21:42:11.436000,1.10895,1.10872,4120000,1000000
2016-08-07 21:42:11.721000,1.10895,1.10872,1370000,1000000
2016-08-07 21:42:11.793000,1.10895,1.10872,5620000,1000000
2016-08-07 21:42:11.897000,1.10895,1.10872,4870000,1000000
2016-08-07 21:42:11.948000,1.10895,1.10872,4120000,1000000
2016-08-07 21:42:13.250000,1.10895,1.10871,4120000,2250000
2016-08-07 21:42:13.354000,1.10895,1.10872,4120000,1000000
2016-08-07 21:42:16.643000,1.10895,1.10871,4120000,2250000
2016-08-07 21:42:16.748000,1.10895,1.10872,4120000,1000000
2016-08-07 21:42:17.291000,1.10895,1.10872,4310000,1000000
2016-08-07 21:42:20.658000,1.10895,1.10871,4310000,2250000
2016-08-07 21:42:20.851000,1.10895,1.10872,4310000,1000000
2016-08-07 21:42:26.467000,1.10895,1.10871,4310000,2250000
2016-08-07 21:42:26.777000,1.10895,1.10872,4310000,1000000
2016-08-07 21:42:28.244000,1.10895,1.10872,4120000,1000000
2016-08-07 21:42:29.275000,1.10895,1.10871,4120000,2250000
2016-08-07 21:42:29.494000,1.10895,1.10872,4120000,1000000
2016-08-07 21:42:35.205000,1.10895,1.10871,4120000,2250000
2016-08-07 21:42:35.306000,1.10895,1.10872,4120000,1000000
2016-08-07 21:42:39.218000,1.10895,1.10871,4120000,2250000
2016-08-07 21:42:39.314000,1.10895,1.10871,4310000,2250000
2016-08-07 21:42:39.538000,1.10895,1.10872,4310000,1000000
2016-08-07 21:42:41.514000,1.10895,1.10871,4310000,2250000
2016-08-07 21:42:41.615000,1.10895,1.10872,4310000,1000000
2016-08-07 21:42:46.155000,1.10895,1.10871,4310000,2250000
2016-08-07 21:42:46.302000,1.10895,1.10872,4310000,1000000
2016-08-07 21:42:46.702000,1.10895,1.10871,4310000,2250000
2016-08-07 21:42:46.804000,1.10895,1.10872,4310000,1000000
2016-08-07 21:42:47.114000,1.10895,1.10871,4310000,2250000
2016-08-07 21:42:47.304000,1.10895,1.10872,4310000,1000000
2016-08-07 21:42:47.815000,1.10895,1.10871,4310000,2250000
2016-08-07 21:42:48.017000,1.10895,1.10872,4310000,1000000
2016-08-07 21:42:49.109000,1.10895,1.10871,4310000,2250000
2016-08-07 21:42:49.308000,1.10895,1.10872,4310000,1000000
2016-08-07 21:42:49.811000,1.10895,1.10871,4310000,2250000
2016-08-07 21:42:49.921000,1.10895,1.10872,4310000,1000000
2016-08-07 21:42:50.309000,1.10895,1.10871,4310000,2250000
2016-08-07 21:42:50.411000,1.10895,1.10872,4310000,1000000
2016-08-07 21:42:55.318000,1.10895,1.10871,4310000,2250000
2016-08-07 21:42:55.619000,1.10895,1.10872,4310000,1000000
2016-08-07 21:42:57.623000,1.10895,1.10871,4310000,2250000
2016-08-07 21:42:57.823000,1.10895,1.10872,4310000,1000000
2016-08-07 21:42:58.123000,1.10895,1.10871,4310000,2250000
2016-08-07 21:42:58.753000,1.10895,1.10872,4310000,1000000
2016-08-07 21:42:59.877000,1.10895,1.10871,4310000,2250000
2016-08-07 21:42:59.927000,1.10895,1.10872,4310000,1000000
2016-08-07 21:43:00.147000,1.10895,1.10871,4310000,2250000
2016-08-07 21:43:00.328000,1.10895,1.10872,4310000,1000000
2016-08-07 21:43:03.466000,1.10895,1.10871,4310000,2250000
2016-08-07 21:43:03.568000,1.10895,1.10872,4310000,1000000
2016-08-07 21:43:05.639000,1.10895,1.10871,4310000,2250000
2016-08-07 21:43:05.852000,1.10895,1.10872,4310000,1000000
2016-08-07 21:43:05.953000,1.10895,1.10871,4310000,2250000
2016-08-07 21:43:06.445000,1.10895,1.10872,4310000,1000000
2016-08-07 21:43:07.455000,1.10895,1.10871,4310000,2250000
2016-08-07 21:43:07.641000,1.10895,1.10872,4310000,1000000
2016-08-07 21:43:08.372000,1.10895,1.10871,4310000,2250000
2016-08-07 21:43:08.474000,1.10895,1.10872,4310000,1000000
2016-08-07 21:43:10.095000,1.10895,1.10871,4310000,2250000
2016-08-07 21:43:10.166000,1.10895,1.10872,4310000,1000000
2016-08-07 21:43:11.649000,1.10895,1.10871,4310000,2250000
2016-08-07 21:43:11.849000,1.10895,1.10872,4310000,1000000
2016-08-07 21:43:13.160000,1.10895,1.10871,4310000,2250000
2016-08-07 21:43:13.770000,1.10895,1.10872,4310000,1000000
2016-08-07 21:43:17.658000,1.10895,1.10871,4310000,2250000
2016-08-07 21:43:17.960000,1.10895,1.10872,4310000,1000000
2016-08-07 21:43:19.062000,1.10895,1.10871,4310000,2250000
2016-08-07 21:43:19.164000,1.10895,1.10872,4310000,1000000
2016-08-07 21:43:20.468000,1.10895,1.10871,4310000,2250000
2016-08-07 21:43:20.712000,1.10895,1.10872,4310000,1000000
2016-08-07 21:43:21.666000,1.10895,1.10871,4310000,2250000
2016-08-07 21:43:22.012000,1.10895,1.10872,4310000,1000000
2016-08-07 21:43:23.170000,1.10895,1.10871,4310000,2250000
2016-08-07 21:43:24.213000,1.10895,1.10871,4120000,2250000
2016-08-07 21:43:25.173000,1.10895,1.10872,4120000,1000000
2016-08-07 21:43:33.293000,1.10895,1.10871,4120000,2250000
2016-08-07 21:43:33.637000,1.10895,1.10872,4120000,1000000
2016-08-07 21:43:39.201000,1.10895,1.10872,4310000,1000000
2016-08-07 21:44:02.195000,1.10895,1.10871,4310000,1500000
2016-08-07 21:44:02.795000,1.10895,1.10872,4310000,1000000
2016-08-07 21:44:04.150000,1.10895,1.10871,4310000,2250000
2016-08-07 21:44:05.854000,1.10895,1.10872,4310000,1000000
2016-08-07 21:44:16.697000,1.10895,1.10871,4310000,2250000
2016-08-07 21:44:16.874000,1.10895,1.10872,4310000,1000000
2016-08-07 21:44:26.516000,1.10895,1.10871,4310000,2250000
2016-08-07 21:44:27.195000,1.10895,1.10872,4310000,1000000
2016-08-07 21:44:27.349000,1.10895,1.10873,1620000,1000000
2016-08-07 21:44:36.902000,1.10894,1.10873,1120000,1000000
2016-08-07 21:44:37.004000,1.10894,1.10873,1370000,1000000
2016-08-07 21:44:37.172000,1.10894,1.10872,1370000,1500000
2016-08-07 21:44:37.224000,1.10894,1.10873,1370000,1000000
2016-08-07 21:44:37.427000,1.10894,1.10872,1370000,1500000
2016-08-07 21:44:37.478000,1.10892,1.10872,1120000,1500000
2016-08-07 21:44:37.812000,1.10892,1.10872,1120000,1000000
2016-08-07 21:44:38.652000,1.10892,1.10872,1120000,1500000
2016-08-07 21:44:41.105000,1.10892,1.10872,1120000,1000000
2016-08-07 21:44:41.163000,1.10892,1.10873,1000000,1000000
2016-08-07 21:44:41.214000,1.10896,1.10873,1620000,1000000
2016-08-07 21:44:47.165000,1.10896,1.10873,1560000,1000000
2016-08-07 21:44:47.266000,1.10896,1.10872,1560000,1500000
2016-08-07 21:44:47.470000,1.10893,1.10872,1100000,1500000
2016-08-07 21:44:47.556000,1.10896,1.10872,1370000,1500000
2016-08-07 21:44:47.659000,1.10897,1.10873,1370000,1000000
2016-08-07 21:44:47.761000,1.10897,1.10872,1370000,1500000
2016-08-07 21:44:48.066000,1.10897,1.10873,1370000,1000000
2016-08-07 21:44:48.431000,1.10897,1.10872,1370000,1000000
2016-08-07 21:44:49.233000,1.10897,1.10873,1370000,1000000
2016-08-07 21:44:49.334000,1.10897,1.10872,1370000,1500000
2016-08-07 21:44:49.436000,1.10897,1.10873,1370000,1000000
2016-08-07 21:44:52.813000,1.10897,1.10873,1500000,1000000
2016-08-07 21:44:52.876000,1.10897,1.10872,1690000,1000000
2016-08-07 21:44:52.977000,1.10897,1.10872,1690000,1500000
2016-08-07 21:45:00.183000,1.10897,1.10872,1690000,1000000
2016-08-07 21:45:00.352000,1.10897,1.10872,1690000,1500000
2016-08-07 21:45:00.504000,1.10896,1.10872,1370000,1500000
2016-08-07 21:45:03.168000,1.10896,1.10872,1370000,1000000
2016-08-07 21:45:04.169000,1.10896,1.10872,1370000,1500000
2016-08-07 21:45:06.976000,1.10896,1.10872,1370000,1000000
2016-08-07 21:45:07.175000,1.10896,1.10872,1370000,1500000
2016-08-07 21:45:09.219000,1.10896,1.10872,1370000,1000000
2016-08-07 21:45:09.889000,1.10896,1.10872,1370000,1500000
2016-08-07 21:45:11.178000,1.10896,1.10872,1370000,1000000
2016-08-07 21:45:13.204000,1.10896,1.10872,1370000,1500000
2016-08-07 21:45:16.308000,1.10896,1.10872,1370000,1000000
2016-08-07 21:45:16.995000,1.10896,1.10872,1370000,1500000
2016-08-07 21:45:17.187000,1.10896,1.10872,1370000,1000000
2016-08-07 21:45:18.190000,1.10896,1.10872,1370000,1500000
2016-08-07 21:45:29.306000,1.10896,1.10873,1370000,1000000
2016-08-07 21:45:29.357000,1.10897,1.10873,2060000,1500000
2016-08-07 21:45:29.768000,1.10897,1.10873,2060000,1000000
2016-08-07 21:45:30.227000,1.10897,1.10873,2060000,1500000
2016-08-07 21:45:34.155000,1.10897,1.10875,1870000,1000000
2016-08-07 21:45:34.308000,1.10897,1.10875,1870000,2250000
2016-08-07 21:45:34.359000,1.10897,1.10876,2060000,1000000
2016-08-07 21:45:34.536000,1.10897,1.10876,1620000,1500000
2016-08-07 21:45:34.691000,1.10897,1.10876,1370000,1500000
2016-08-07 21:45:34.742000,1.10897,1.10876,1370000,1000000
2016-08-07 21:45:37.433000,1.10897,1.10876,1560000,1000000
2016-08-07 21:45:37.484000,1.10897,1.10875,1310000,2250000
2016-08-07 21:45:37.586000,1.10897,1.10875,1620000,2250000
2016-08-07 21:45:37.676000,1.10895,1.10875,3370000,2250000
2016-08-07 21:45:37.778000,1.10895,1.10875,5060000,2250000
2016-08-07 21:45:38.044000,1.10895,1.10875,3560000,2250000
2016-08-07 21:45:38.147000,1.10897,1.10875,2060000,2250000
2016-08-07 21:45:41.301000,1.10897,1.10875,1560000,2250000
2016-08-07 21:45:41.805000,1.10897,1.10875,2060000,2250000
2016-08-07 21:45:42.355000,1.10897,1.10875,2060000,1500000
2016-08-07 21:45:42.554000,1.10897,1.10875,2060000,2250000
2016-08-07 21:45:44.243000,1.10897,1.10875,1870000,2250000
2016-08-07 21:45:44.294000,1.10896,1.10875,1370000,1500000
2016-08-07 21:45:44.396000,1.10893,1.10873,1570000,1500000
2016-08-07 21:45:44.498000,1.10893,1.10873,3070000,1500000
2016-08-07 21:45:44.601000,1.10893,1.10869,1570000,1500000
2016-08-07 21:45:44.950000,1.10893,1.10869,1100000,1500000
2016-08-07 21:45:45.286000,1.10893,1.10869,1570000,1500000
2016-08-07 21:45:49.168000,1.10893,1.10869,1100000,1500000
2016-08-07 21:45:49.256000,1.10893,1.10869,1570000,1500000
2016-08-07 21:45:49.357000,1.10893,1.10869,1100000,1500000
2016-08-07 21:45:49.459000,1.10893,1.10869,1570000,1500000
2016-08-07 21:45:49.560000,1.10893,1.10869,1100000,1500000
2016-08-07 21:45:49.757000,1.10893,1.10869,1570000,1500000
2016-08-07 21:45:51.572000,1.10893,1.10869,1100000,1500000
2016-08-07 21:45:52.073000,1.10893,1.10869,1570000,1500000
2016-08-07 21:45:52.761000,1.10893,1.10869,1100000,1500000
2016-08-07 21:45:53.074000,1.10893,1.10869,1570000,1500000
2016-08-07 21:45:53.300000,1.10893,1.10869,1100000,1500000
2016-08-07 21:45:53.576000,1.10893,1.10869,1570000,1500000
2016-08-07 21:45:57.813000,1.10893,1.10869,1100000,1500000
2016-08-07 21:45:58.086000,1.10893,1.10869,1570000,1500000
2016-08-07 21:46:00.085000,1.10893,1.10869,1100000,1500000
2016-08-07 21:46:00.311000,1.10893,1.10869,1570000,1500000
2016-08-07 21:46:00.575000,1.10893,1.10869,1100000,1500000
2016-08-07 21:46:00.891000,1.10893,1.10869,1570000,1500000
2016-08-07 21:46:01.393000,1.10893,1.10869,1100000,1500000
2016-08-07 21:46:01.577000,1.10893,1.10869,1570000,1500000
2016-08-07 21:46:02.586000,1.10893,1.10869,1100000,1500000
2016-08-07 21:46:02.795000,1.10893,1.10869,1570000,1500000
2016-08-07 21:46:06.934000,1.10893,1.10869,1100000,1500000
2016-08-07 21:46:07.106000,1.10893,1.10869,1570000,1500000
2016-08-07 21:46:08.914000,1.10893,1.10869,1100000,1500000
2016-08-07 21:46:09.110000,1.10893,1.10869,1570000,1500000
2016-08-07 21:46:09.411000,1.10893,1.10869,1100000,1500000
2016-08-07 21:46:09.700000,1.10893,1.10869,1570000,1500000
2016-08-07 21:46:10.914000,1.10893,1.10869,1100000,1500000
2016-08-07 21:46:11.125000,1.10893,1.10869,1570000,1500000
2016-08-07 21:46:16.437000,1.10893,1.10869,1100000,1500000
2016-08-07 21:46:16.650000,1.10893,1.10869,1570000,1500000
2016-08-07 21:46:17.304000,1.10893,1.10869,1100000,1500000
2016-08-07 21:46:17.528000,1.10895,1.10869,5060000,1500000
2016-08-07 21:46:24.692000,1.10896,1.10871,1620000,1000000
2016-08-07 21:46:24.845000,1.10895,1.10869,1370000,2250000
2016-08-07 21:46:24.923000,1.10896,1.10869,3370000,2250000
2016-08-07 21:46:24.974000,1.10893,1.10869,1100000,1500000
2016-08-07 21:46:32.621000,1.10893,1.10869,1000000,1500000
2016-08-07 21:46:53.819000,1.10893,1.10869,1500000,1500000
2016-08-07 21:46:53.921000,1.10892,1.10863,1000000,1570000
2016-08-07 21:46:53.996000,1.10890,1.10860,2250000,1820000
2016-08-07 21:46:54.098000,1.10889,1.10860,1000000,1970000
2016-08-07 21:46:54.360000,1.10889,1.10860,1000000,2470000
2016-08-07 21:46:54.411000,1.10889,1.10860,1000000,3220000
2016-08-07 21:46:59.070000,1.10889,1.10860,1000000,2470000
2016-08-07 21:46:59.121000,1.10889,1.10860,1000000,1970000
2016-08-07 21:46:59.394000,1.10889,1.10860,1000000,3220000
2016-08-07 21:47:00.072000,1.10889,1.10860,1000000,2470000
2016-08-07 21:47:00.372000,1.10889,1.10860,1000000,3220000
2016-08-07 21:47:01.125000,1.10890,1.10860,1000000,3220000
2016-08-07 21:47:01.228000,1.10891,1.10860,2250000,3220000
2016-08-07 21:47:02.696000,1.10891,1.10860,3000000,3220000
2016-08-07 21:47:03.029000,1.10891,1.10860,2250000,3220000
2016-08-07 21:47:06.326000,1.10891,1.10861,1500000,1720000
2016-08-07 21:47:06.427000,1.10891,1.10861,1500000,2470000
2016-08-07 21:47:11.245000,1.10891,1.10861,1000000,1870000
2016-08-07 21:47:13.328000,1.10890,1.10861,1000000,1370000
2016-08-07 21:47:13.429000,1.10886,1.10861,1000000,1870000
2016-08-07 21:47:13.531000,1.10891,1.10861,1000000,1870000
2016-08-07 21:47:15.123000,1.10891,1.10861,1500000,1870000
2016-08-07 21:47:15.221000,1.10885,1.10859,1190000,1470000
2016-08-07 21:47:15.273000,1.10885,1.10859,2440000,1470000
2016-08-07 21:47:15.375000,1.10882,1.10859,1620000,1470000
2016-08-07 21:47:15.477000,1.10882,1.10856,1620000,1870000
2016-08-07 21:47:17.309000,1.10882,1.10856,1560000,1870000
2016-08-07 21:47:20.167000,1.10882,1.10856,1560000,3370000
2016-08-07 21:47:20.632000,1.10882,1.10856,1560000,2620000
2016-08-07 21:47:20.716000,1.10882,1.10856,1560000,3370000
2016-08-07 21:47:20.965000,1.10882,1.10856,1560000,2620000
2016-08-07 21:47:21.165000,1.10882,1.10856,1560000,3370000
2016-08-07 21:47:21.366000,1.10882,1.10856,1370000,2620000
2016-08-07 21:47:21.468000,1.10884,1.10856,1690000,1870000
2016-08-07 21:47:24.871000,1.10884,1.10856,1690000,2620000
2016-08-07 21:47:28.153000,1.10884,1.10856,1690000,1870000
2016-08-07 21:47:30.167000,1.10884,1.10856,1690000,2620000
2016-08-07 21:47:34.945000,1.10884,1.10856,1690000,1870000
2016-08-07 21:47:35.046000,1.10884,1.10856,1690000,2620000
2016-08-07 21:47:37.633000,1.10884,1.10857,1690000,1370000
2016-08-07 21:47:37.684000,1.10885,1.10859,1870000,1870000
2016-08-07 21:47:37.785000,1.10887,1.10863,1370000,1000000
2016-08-07 21:47:37.836000,1.10887,1.10863,1120000,1000000
2016-08-07 21:47:37.932000,1.10887,1.10863,1870000,1000000
2016-08-07 21:47:48.209000,1.10887,1.10863,2060000,1000000
2016-08-07 21:47:50.204000,1.10887,1.10863,1620000,1000000
2016-08-07 21:48:02.939000,1.10888,1.10860,2810000,1120000
2016-08-07 21:48:02.989000,1.10888,1.10860,2060000,1120000
2016-08-07 21:48:03.091000,1.10888,1.10860,2060000,1000000
2016-08-07 21:48:05.406000,1.10888,1.10860,2060000,1120000
2016-08-07 21:48:10.194000,1.10888,1.10858,2060000,1370000
2016-08-07 21:48:10.346000,1.10886,1.10857,1370000,1870000
2016-08-07 21:48:10.902000,1.10886,1.10857,1370000,2620000
2016-08-07 21:48:11.204000,1.10886,1.10857,1370000,1870000
2016-08-07 21:48:12.612000,1.10886,1.10857,1370000,1370000
2016-08-07 21:48:12.801000,1.10886,1.10857,1370000,1870000
2016-08-07 21:48:13.301000,1.10886,1.10857,1370000,1370000
2016-08-07 21:48:13.762000,1.10886,1.10857,1370000,1870000
2016-08-07 21:48:13.813000,1.10886,1.10857,1370000,1370000
2016-08-07 21:48:14.103000,1.10886,1.10857,1370000,1870000
2016-08-07 21:48:14.803000,1.10886,1.10857,1370000,1370000
2016-08-07 21:48:14.905000,1.10886,1.10857,1370000,1870000
2016-08-07 21:48:17.911000,1.10886,1.10857,1370000,1370000
2016-08-07 21:48:18.137000,1.10886,1.10857,1370000,1870000
2016-08-07 21:48:23.548000,1.10886,1.10857,1370000,2620000
2016-08-07 21:48:23.938000,1.10886,1.10857,1370000,1370000
2016-08-07 21:48:24.117000,1.10886,1.10857,1370000,2620000
2016-08-07 21:48:26.450000,1.10886,1.10857,1370000,1370000
2016-08-07 21:48:26.650000,1.10886,1.10857,1370000,2620000
2016-08-07 21:48:27.175000,1.10886,1.10858,1370000,1370000
2016-08-07 21:48:27.277000,1.10886,1.10858,1500000,1370000
2016-08-07 21:48:27.379000,1.10885,1.10858,1370000,1370000
2016-08-07 21:48:27.480000,1.10885,1.10858,1870000,1370000
2016-08-07 21:48:28.346000,1.10885,1.10858,1370000,1370000
2016-08-07 21:48:28.413000,1.10885,1.10858,1870000,1370000
2016-08-07 21:48:28.680000,1.10885,1.10858,1370000,1370000
2016-08-07 21:48:28.981000,1.10885,1.10858,1870000,1370000
2016-08-07 21:48:29.437000,1.10885,1.10858,1870000,1000000
2016-08-07 21:48:30.012000,1.10885,1.10858,1370000,1000000
2016-08-07 21:48:30.214000,1.10885,1.10858,1870000,1000000
2016-08-07 21:48:30.988000,1.10885,1.10858,1370000,1000000
2016-08-07 21:48:31.195000,1.10885,1.10858,1870000,1000000
2016-08-07 21:48:34.996000,1.10885,1.10858,1370000,1000000
2016-08-07 21:48:35.529000,1.10886,1.10856,1500000,3000000
2016-08-07 21:48:35.641000,1.10886,1.10856,1500000,3370000
2016-08-07 21:48:35.724000,1.10886,1.10857,1500000,1000000
2016-08-07 21:48:36.850000,1.10886,1.10856,1500000,3000000
2016-08-07 21:48:37.050000,1.10886,1.10857,1500000,1000000
2016-08-07 21:48:42.756000,1.10886,1.10857,1690000,1000000
2016-08-07 21:48:42.807000,1.10886,1.10859,1690000,1000000
2016-08-07 21:48:43.335000,1.10886,1.10863,1690000,1000000
2016-08-07 21:48:43.386000,1.10887,1.10863,2060000,1000000
2016-08-07 21:48:43.437000,1.10877,1.10863,370000,1000000
2016-08-07 21:48:43.503000,1.10887,1.10863,2060000,1000000
2016-08-07 21:48:45.097000,1.10887,1.10863,2000000,1000000
2016-08-07 21:48:47.910000,1.10887,1.10863,2000000,1500000
