time,ask,bid,ask_volume,bid_volume
2016-06-19 21:00:33.982000,1.13370,1.13285,750000,750000
2016-06-19 21:00:35.122000,1.13377,1.13305,750000,750000
2016-06-19 21:00:51.504000,1.13375,1.13305,750000,750000
2016-06-19 21:00:51.555000,1.13375,1.13295,1500000,1500000
2016-06-19 21:00:51.656000,1.13373,1.13299,750000,750000
2016-06-19 21:00:51.756000,1.13378,1.13300,750000,750000
2016-06-19 21:00:51.807000,1.13372,1.13300,750000,750000
2016-06-19 21:00:52.355000,1.13379,1.13299,750000,750000
2016-06-19 21:00:54.609000,1.13372,1.13300,750000,750000
2016-06-19 21:00:59.012000,1.13375,1.13300,1500000,750000
2016-06-19 21:00:59.213000,1.13377,1.13305,750000,750000
2016-06-19 21:00:59.545000,1.13372,1.13306,750000,750000
2016-06-19 21:01:01.356000,1.13375,1.13351,750000,750000
2016-06-19 21:01:01.653000,1.13370,1.13322,750000,2250000
2016-06-19 21:01:01.816000,1.13372,1.13325,1500000,750000
2016-06-19 21:01:02.358000,1.13373,1.13325,750000,750000
2016-06-19 21:01:03.125000,1.13371,1.13323,750000,750000
2016-06-19 21:01:04.864000,1.13370,1.13322,750000,2250000
2016-06-19 21:01:05.172000,1.13376,1.13352,750000,750000
2016-06-19 21:01:06.623000,1.13375,1.13351,750000,750000
2016-06-19 21:01:07.762000,1.13373,1.13325,750000,750000
2016-06-19 21:01:08.333000,1.13372,1.13324,750000,750000
2016-06-19 21:01:08.526000,1.13372,1.13322,750000,750000
2016-06-19 21:01:09.196000,1.13371,1.13322,1500000,750000
2016-06-19 21:01:10.236000,1.13370,1.13322,750000,750000
2016-06-19 21:01:12.229000,1.13371,1.13321,1500000,1500000
2016-06-19 21:01:12.385000,1.13376,1.13316,2250000,750000
2016-06-19 21:01:12.564000,1.13373,1.13311,750000,1500000
2016-06-19 21:01:12.666000,1.13373,1.13295,750000,750000
2016-06-19 21:01:12.731000,1.13375,1.13300,1500000,750000
2016-06-19 21:01:13.094000,1.13372,1.13300,750000,750000
2016-06-19 21:01:15.016000,1.13372,1.13321,750000,750000
2016-06-19 21:01:15.347000,1.13376,1.13321,2250000,750000
2016-06-19 21:01:16.317000,1.13376,1.13316,2250000,750000
2016-06-19 21:01:18.236000,1.13370,1.13314,750000,750000
2016-06-19 21:01:19.237000,1.13371,1.13316,1500000,750000
2016-06-19 21:01:19.288000,1.13376,1.13316,2250000,750000
2016-06-19 21:01:19.601000,1.13376,1.13331,2250000,1500000
2016-06-19 21:01:20.278000,1.13376,1.13332,2250000,750000
2016-06-19 21:01:24.547000,1.13375,1.13331,750000,2250000
2016-06-19 21:01:30.420000,1.13375,1.13327,2250000,750000
2016-06-19 21:01:33.050000,1.13374,1.13326,750000,750000
2016-06-19 21:01:33.483000,1.13372,1.13325,750000,1500000
2016-06-19 21:01:34.143000,1.13372,1.13324,750000,750000
2016-06-19 21:01:51.075000,1.13371,1.13323,750000,750000
2016-06-19 21:02:05.477000,1.13372,1.13324,750000,750000
2016-06-19 21:02:08.479000,1.13374,1.13324,750000,750000
2016-06-19 21:02:25.475000,1.13374,1.13329,750000,750000
2016-06-19 21:02:25.924000,1.13376,1.13332,2250000,750000
2016-06-19 21:02:29.398000,1.13376,1.13337,1500000,750000
2016-06-19 21:02:37.119000,1.13376,1.13338,1500000,750000
2016-06-19 21:02:57.253000,1.13376,1.13330,1500000,1500000
2016-06-19 21:02:58,1.13375,1.13329,370000,750000
2016-06-19 21:03:01.670000,1.13375,1.13328,370000,750000
2016-06-19 21:03:12.453000,1.13375,1.13327,1120000,750000
2016-06-19 21:03:12.954000,1.13374,1.13326,750000,750000
2016-06-19 21:03:32.487000,1.13375,1.13332,1870000,750000
2016-06-19 21:03:32.789000,1.13373,1.13329,750000,750000
2016-06-19 21:03:34.668000,1.13373,1.13325,750000,750000
2016-06-19 21:03:36.126000,1.13370,1.13325,370000,750000
2016-06-19 21:03:36.176000,1.13370,1.13319,370000,750000
2016-06-19 21:03:36.227000,1.13375,1.13319,1120000,750000
2016-06-19 21:03:37.132000,1.13375,1.13315,1120000,750000
2016-06-19 21:03:42.938000,1.13375,1.13319,1120000,750000
2016-06-19 21:03:43.260000,1.13373,1.13325,750000,750000
2016-06-19 21:03:49.276000,1.13372,1.13325,750000,750000
2016-06-19 21:03:49.780000,1.13373,1.13325,750000,750000
2016-06-19 21:03:50.284000,1.13370,1.13325,370000,750000
2016-06-19 21:03:50.343000,1.13372,1.13325,750000,750000
2016-06-19 21:03:50.444000,1.13370,1.13325,370000,750000
2016-06-19 21:03:50.545000,1.13372,1.13325,750000,750000
2016-06-19 21:03:50.847000,1.13370,1.13325,370000,750000
2016-06-19 21:03:51.351000,1.13371,1.13325,1500000,750000
2016-06-19 21:03:51.855000,1.13370,1.13325,370000,750000
2016-06-19 21:03:52.359000,1.13371,1.13325,1500000,750000
2016-06-19 21:03:52.712000,1.13370,1.13328,370000,750000
2016-06-19 21:03:52.863000,1.13375,1.13328,1120000,750000
2016-06-19 21:03:53.423000,1.13373,1.13328,750000,750000
2016-06-19 21:03:53.574000,1.13375,1.13328,1120000,750000
2016-06-19 21:03:53.625000,1.13373,1.13328,750000,750000
2016-06-19 21:03:53.777000,1.13375,1.13328,370000,750000
2016-06-19 21:03:54.079000,1.13373,1.13328,750000,750000
2016-06-19 21:03:54.180000,1.13373,1.13326,1500000,750000
2016-06-19 21:03:54.231000,1.13371,1.13326,750000,750000
2016-06-19 21:03:54.382000,1.13373,1.13325,750000,750000
2016-06-19 21:03:54.433000,1.13371,1.13325,750000,750000
2016-06-19 21:03:54.670000,1.13373,1.13325,750000,750000
2016-06-19 21:04:16.609000,1.13369,1.13325,1000000,1000000
2016-06-19 21:04:17.202000,1.13369,1.13324,1000000,1000000
2016-06-19 21:04:29.993000,1.13369,1.13321,1000000,1690000
2016-06-19 21:04:35.259000,1.13359,1.13321,750000,1690000
2016-06-19 21:04:35.563000,1.13333,1.13319,1000000,1190000
2016-06-19 21:04:35.665000,1.13340,1.13321,750000,1250000
2016-06-19 21:04:35.766000,1.13362,1.13322,1000000,1000000
2016-06-19 21:04:35.867000,1.13366,1.13322,1000000,1000000
2016-06-19 21:04:37.284000,1.13367,1.13322,1000000,1000000
2016-06-19 21:04:56.719000,1.13367,1.13321,1000000,1690000
2016-06-19 21:05:01.458000,1.13366,1.13321,1000000,1690000
2016-06-19 21:05:02.044000,1.13364,1.13321,1000000,1690000
2016-06-19 21:05:02.574000,1.13366,1.13321,1000000,1690000
2016-06-19 21:05:05.713000,1.13365,1.13321,1000000,1690000
2016-06-19 21:05:06.443000,1.13362,1.13321,1000000,1500000
2016-06-19 21:05:07.484000,1.13361,1.13314,1000000,1000000
2016-06-19 21:05:10.735000,1.13361,1.13318,1000000,1000000
2016-06-19 21:05:10.835000,1.13361,1.13314,1000000,1000000
2016-06-19 21:05:13.574000,1.13361,1.13314,1000000,1190000
2016-06-19 21:05:14.085000,1.13361,1.13314,1000000,1000000
2016-06-19 21:05:16.679000,1.13364,1.13320,1000000,1190000
2016-06-19 21:05:16.730000,1.13366,1.13322,1000000,1000000
2016-06-19 21:05:22.685000,1.13366,1.13323,1000000,1000000
2016-06-19 21:05:25.508000,1.13366,1.13322,1500000,1500000
2016-06-19 21:05:26.290000,1.13366,1.13323,1000000,1000000
2016-06-19 21:05:26.853000,1.13366,1.13322,1500000,1500000
2016-06-19 21:05:28.751000,1.13366,1.13322,1510000,1500000
2016-06-19 21:05:29.384000,1.13366,1.13322,1690000,1500000
2016-06-19 21:05:29.683000,1.13366,1.13322,1500000,1500000
2016-06-19 21:05:34.324000,1.13366,1.13332,1500000,750000
2016-06-19 21:05:34.528000,1.13370,1.13332,1000000,1500000
2016-06-19 21:05:35.167000,1.13371,1.13332,1000000,1500000
2016-06-19 21:05:54.452000,1.13371,1.13331,1000000,1500000
2016-06-19 21:06:02.793000,1.13370,1.13331,1000000,1000000
2016-06-19 21:06:02.945000,1.13370,1.13322,1000000,1000000
2016-06-19 21:06:17.871000,1.13369,1.13321,1000000,3190000
2016-06-19 21:06:34.460000,1.13365,1.13321,1250000,2250000
2016-06-19 21:06:36.310000,1.13365,1.13322,1250000,1000000
2016-06-19 21:06:52.198000,1.13365,1.13321,1250000,2250000
2016-06-19 21:06:58.228000,1.13359,1.13321,1000000,2250000
2016-06-19 21:06:58.634000,1.13359,1.13323,1000000,1000000
2016-06-19 21:07:46.988000,1.13360,1.13323,1000000,1000000
2016-06-19 21:07:50.178000,1.13360,1.13324,1000000,1500000
2016-06-19 21:07:50.486000,1.13359,1.13326,1000000,1500000
2016-06-19 21:07:50.638000,1.13359,1.13324,1000000,1500000
2016-06-19 21:07:54.092000,1.13359,1.13327,1000000,1000000
2016-06-19 21:08:07.159000,1.13359,1.13330,1000000,1000000
2016-06-19 21:08:08.391000,1.13359,1.13354,1000000,1000000
2016-06-19 21:08:08.442000,1.13372,1.13354,1690000,1000000
2016-06-19 21:08:08.493000,1.13372,1.13348,1690000,2250000
2016-06-19 21:08:08.544000,1.13362,1.13348,1000000,2250000
2016-06-19 21:08:08.848000,1.13372,1.13353,1690000,1000000
2016-06-19 21:08:12.705000,1.13372,1.13352,1190000,1000000
2016-06-19 21:08:13.564000,1.13372,1.13351,1190000,1000000
2016-06-19 21:08:14.031000,1.13372,1.13353,1190000,1500000
2016-06-19 21:08:16.207000,1.13359,1.13353,1000000,1500000
2016-06-19 21:08:16.359000,1.13359,1.13348,1690000,2250000
2016-06-19 21:08:19.305000,1.13361,1.13350,1690000,1000000
2016-06-19 21:08:19.507000,1.13362,1.13353,1500000,1000000
2016-06-19 21:08:19.558000,1.13368,1.13353,1690000,1000000
2016-06-19 21:08:19.962000,1.13372,1.13355,1190000,1500000
2016-06-19 21:08:26.176000,1.13362,1.13355,1000000,1500000
2016-06-19 21:08:26.481000,1.13361,1.13350,1690000,1000000
2016-06-19 21:08:29.018000,1.13361,1.13354,1000000,1000000
2016-06-19 21:08:29.170000,1.13369,1.13354,1690000,1000000
2016-06-19 21:08:30.521000,1.13372,1.13355,1190000,1000000
2016-06-19 21:08:38.787000,1.13372,1.13356,1190000,1000000
2016-06-19 21:08:43.706000,1.13372,1.13363,1190000,1000000
2016-06-19 21:08:43.858000,1.13376,1.13363,1190000,1500000
2016-06-19 21:08:55.401000,1.13376,1.13362,1690000,3000000
2016-06-19 21:08:58.703000,1.13376,1.13365,1690000,1000000
2016-06-19 21:08:59.006000,1.13370,1.13363,1690000,1000000
2016-06-19 21:08:59.310000,1.13369,1.13361,1190000,1500000
2016-06-19 21:09:00.316000,1.13361,1.13359,1000000,1500000
2016-06-19 21:09:00.368000,1.13361,1.13357,1000000,1500000
2016-06-19 21:09:00.419000,1.13359,1.13349,1000000,1500000
2016-06-19 21:09:00.470000,1.13350,1.13347,1250000,1500000
2016-06-19 21:09:00.521000,1.13350,1.13335,1690000,1500000
2016-06-19 21:09:00.622000,1.13350,1.13333,1690000,2250000
2016-06-19 21:09:00.942000,1.13349,1.13328,1000000,1000000
2016-06-19 21:09:01.195000,1.13348,1.13325,1000000,1000000
2016-06-19 21:09:01.297000,1.13346,1.13325,1500000,1000000
2016-06-19 21:09:04.678000,1.13350,1.13325,1690000,1000000
2016-06-19 21:09:06.010000,1.13350,1.13323,1690000,1000000
2016-06-19 21:09:08.905000,1.13349,1.13323,1000000,1000000
2016-06-19 21:09:14.796000,1.13349,1.13334,1000000,1000000
2016-06-19 21:09:15.115000,1.13347,1.13336,940000,1000000
2016-06-19 21:09:18.088000,1.13347,1.13330,1250000,1000000
2016-06-19 21:09:18.739000,1.13347,1.13323,1250000,1000000
2016-06-19 21:09:22.030000,1.13350,1.13322,1250000,1000000
2016-06-19 21:09:24.976000,1.13352,1.13322,1690000,1500000
2016-06-19 21:09:25.028000,1.13352,1.13329,1690000,1000000
2016-06-19 21:09:25.130000,1.13352,1.13324,1690000,1500000
2016-06-19 21:09:25.232000,1.13352,1.13322,1000000,1000000
2016-06-19 21:09:36.762000,1.13352,1.13321,1000000,1000000
2016-06-19 21:09:43.571000,1.13343,1.13324,1190000,1000000
2016-06-19 21:09:43.874000,1.13342,1.13326,1190000,1000000
2016-06-19 21:09:53.064000,1.13343,1.13325,1690000,1500000
2016-06-19 21:09:53.693000,1.13342,1.13326,1190000,1000000
2016-06-19 21:09:57.958000,1.13341,1.13325,1190000,1500000
2016-06-19 21:10:01.933000,1.13341,1.13325,1190000,1500000
2016-06-19 21:10:05.271000,1.13328,1.13324,1190000,1000000
2016-06-19 21:10:05.374000,1.13328,1.13320,1190000,2250000
2016-06-19 21:10:05.476000,1.13328,1.13322,1190000,1000000
2016-06-19 21:10:07.510000,1.13331,1.13321,1690000,1000000
2016-06-19 21:10:09.262000,1.13330,1.13324,1190000,1000000
2016-06-19 21:10:09.414000,1.13331,1.13322,1190000,1000000
2016-06-19 21:10:11.950000,1.13325,1.13322,1280000,1000000
2016-06-19 21:10:12.803000,1.13325,1.13322,1270000,1000000
2016-06-19 21:10:15.749000,1.13325,1.13321,1270000,1000000
2016-06-19 21:10:16.344000,1.13325,1.13321,1270000,1000000
2016-06-19 21:10:18.208000,1.13325,1.13316,1270000,1500000
2016-06-19 21:10:18.259000,1.13319,1.13316,1210000,1500000
2016-06-19 21:10:18.310000,1.13319,1.13313,1210000,1000000
2016-06-19 21:10:18.613000,1.13319,1.13309,1210000,1000000
2016-06-19 21:10:18.715000,1.13319,1.13313,1210000,1000000
2016-06-19 21:10:18.917000,1.13317,1.13309,1190000,1000000
2016-06-19 21:10:19.124000,1.13319,1.13310,1210000,1500000
2016-06-19 21:10:19.578000,1.13318,1.13314,960000,1000000
2016-06-19 21:10:19.680000,1.13318,1.13310,1220000,2250000
2016-06-19 21:10:19.781000,1.13316,1.13308,1190000,1000000
2016-06-19 21:10:20.210000,1.13318,1.13307,1220000,1000000
2016-06-19 21:10:20.261000,1.13318,1.13312,1220000,1000000
2016-06-19 21:10:20.807000,1.13318,1.13313,960000,1000000
2016-06-19 21:10:22.314000,1.13318,1.13312,960000,2250000
2016-06-19 21:10:22.865000,1.13318,1.13313,1220000,1500000
2016-06-19 21:10:24.619000,1.13316,1.13312,1250000,2250000
2016-06-19 21:10:25.320000,1.13316,1.13313,1250000,1500000
2016-06-19 21:10:29.613000,1.13318,1.13316,1250000,1000000
2016-06-19 21:10:29.715000,1.13315,1.13312,1250000,1000000
2016-06-19 21:10:29.766000,1.13315,1.13307,1250000,1500000
2016-06-19 21:10:30.830000,1.13315,1.13306,1250000,1000000
2016-06-19 21:10:33.012000,1.13315,1.13307,1250000,1000000
2016-06-19 21:10:35.835000,1.13315,1.13306,1250000,1000000
2016-06-19 21:10:37.100000,1.13315,1.13307,1250000,1000000
2016-06-19 21:10:38.840000,1.13315,1.13306,1250000,1000000
2016-06-19 21:10:39.516000,1.13315,1.13307,1250000,1000000
2016-06-19 21:10:41.780000,1.13318,1.13307,1220000,1000000
2016-06-19 21:10:41.831000,1.13318,1.13313,1220000,1000000
2016-06-19 21:10:45.951000,1.13318,1.13312,1220000,1000000
2016-06-19 21:10:46.508000,1.13318,1.13313,1220000,1000000
2016-06-19 21:10:47.152000,1.13318,1.13312,1220000,1000000
2016-06-19 21:10:48.354000,1.13318,1.13313,1220000,1000000
2016-06-19 21:10:49.148000,1.13315,1.13313,1250000,1000000
2016-06-19 21:10:50.061000,1.13315,1.13308,1250000,1000000
2016-06-19 21:11:00.501000,1.13315,1.13307,1250000,1000000
2016-06-19 21:11:01.566000,1.13315,1.13306,1250000,1000000
2016-06-19 21:11:02.074000,1.13315,1.13307,1250000,1000000
2016-06-19 21:11:03.276000,1.13315,1.13305,1250000,1500000
2016-06-19 21:11:04.003000,1.13315,1.13306,1250000,1000000
2016-06-19 21:11:06.681000,1.13315,1.13305,1250000,1500000
2016-06-19 21:11:07.183000,1.13315,1.13306,1250000,1000000
2016-06-19 21:11:10.499000,1.13315,1.13305,1250000,1500000
2016-06-19 21:11:11.282000,1.13315,1.13304,1250000,1000000
2016-06-19 21:11:12.791000,1.13320,1.13304,1710000,1000000
2016-06-19 21:11:16.402000,1.13319,1.13303,1190000,1000000
2016-06-19 21:11:17.148000,1.13322,1.13302,1690000,1500000
2016-06-19 21:11:23.329000,1.13322,1.13301,1190000,1000000
2016-06-19 21:11:24.140000,1.13322,1.13302,1690000,1000000
2016-06-19 21:11:24.612000,1.13320,1.13300,1690000,2250000
2016-06-19 21:11:25.133000,1.13319,1.13301,1190000,1000000
2016-06-19 21:11:26.715000,1.13320,1.13300,1690000,2250000
2016-06-19 21:11:27.298000,1.13319,1.13301,1190000,1000000
2016-06-19 21:11:35.953000,1.13318,1.13300,1190000,2250000
2016-06-19 21:11:36.682000,1.13317,1.13301,1250000,1000000
2016-06-19 21:11:46.741000,1.13318,1.13300,1190000,2250000
2016-06-19 21:11:47.325000,1.13317,1.13301,1250000,1000000
2016-06-19 21:11:53.047000,1.13318,1.13300,1190000,2250000
2016-06-19 21:11:54.030000,1.13318,1.13301,1190000,1000000
2016-06-19 21:11:54.081000,1.13319,1.13303,1190000,1000000
2016-06-19 21:11:55.353000,1.13320,1.13302,1690000,1000000
2016-06-19 21:11:56.852000,1.13319,1.13303,1190000,1000000
2016-06-19 21:11:58.253000,1.13320,1.13302,1690000,1000000
2016-06-19 21:11:58.799000,1.13319,1.13303,1190000,1000000
2016-06-19 21:12:02.468000,1.13320,1.13313,1190000,1000000
2016-06-19 21:12:02.570000,1.13322,1.13314,1190000,1000000
2016-06-19 21:12:04.182000,1.13323,1.13313,1190000,1000000
2016-06-19 21:12:05.172000,1.13322,1.13314,1190000,1000000
2016-06-19 21:12:07.669000,1.13322,1.13311,1190000,1000000
2016-06-19 21:12:07.720000,1.13321,1.13311,1190000,1000000
2016-06-19 21:12:07.771000,1.13321,1.13306,1190000,1000000
2016-06-19 21:12:09.965000,1.13312,1.13306,1000000,1000000
2016-06-19 21:12:10.276000,1.13312,1.13302,1190000,1000000
2016-06-19 21:12:12.043000,1.13312,1.13303,1190000,1000000
2016-06-19 21:12:12.094000,1.13314,1.13303,1000000,1000000
2016-06-19 21:12:12.145000,1.13314,1.13307,1000000,1000000
2016-06-19 21:12:12.650000,1.13320,1.13307,1190000,1000000
2016-06-19 21:12:14.877000,1.13316,1.13307,1190000,1000000
2016-06-19 21:12:14.928000,1.13316,1.13305,1190000,1500000
2016-06-19 21:12:19.130000,1.13316,1.13304,1190000,1000000
2016-06-19 21:12:20.078000,1.13314,1.13305,1190000,1000000
2016-06-19 21:12:25.301000,1.13316,1.13304,1690000,1500000
2016-06-19 21:12:37.417000,1.13316,1.13311,1690000,1000000
2016-06-19 21:12:37.620000,1.13329,1.13320,1190000,1000000
2016-06-19 21:12:38.126000,1.13329,1.13321,1190000,1000000
2016-06-19 21:12:55.978000,1.13330,1.13321,1190000,1000000
2016-06-19 21:12:58.854000,1.13330,1.13320,1690000,1500000
2016-06-19 21:12:59.395000,1.13330,1.13319,1190000,1000000
2016-06-19 21:12:59.828000,1.13328,1.13319,1190000,1000000
2016-06-19 21:12:59.879000,1.13328,1.13316,1690000,1500000
2016-06-19 21:13:00.082000,1.13320,1.13317,1000000,1000000
2016-06-19 21:13:00.184000,1.13320,1.13313,1500000,1000000
2016-06-19 21:13:00.286000,1.13320,1.13315,1000000,1000000
2016-06-19 21:13:00.337000,1.13325,1.13315,1190000,1000000
2016-06-19 21:13:00.849000,1.13326,1.13314,1190000,1500000
2016-06-19 21:13:00.900000,1.13328,1.13318,1190000,1000000
2016-06-19 21:13:00.951000,1.13330,1.13318,1760000,1000000
2016-06-19 21:13:01.458000,1.13330,1.13319,1190000,1000000
2016-06-19 21:13:10.012000,1.13327,1.13317,1190000,1000000
2016-06-19 21:13:10.164000,1.13327,1.13315,1190000,2250000
2016-06-19 21:13:12.661000,1.13327,1.13316,1190000,1000000
2016-06-19 21:13:16.372000,1.13327,1.13315,1190000,2250000
2016-06-19 21:13:17.051000,1.13327,1.13316,1190000,1000000
2016-06-19 21:13:20.581000,1.13327,1.13315,1190000,1500000
2016-06-19 21:13:22.512000,1.13323,1.13311,1000000,1500000
2016-06-19 21:13:22.564000,1.13320,1.13311,1100000,1500000
2016-06-19 21:13:22.868000,1.13318,1.13299,1190000,1000000
2016-06-19 21:13:23.729000,1.13315,1.13299,1190000,1000000
2016-06-19 21:13:23.933000,1.13315,1.13299,1250000,1000000
2016-06-19 21:13:38.295000,1.13319,1.13297,1290000,1000000
2016-06-19 21:13:40.970000,1.13319,1.13297,1290000,1000000
2016-06-19 21:13:41.021000,1.13320,1.13304,1690000,1000000
2016-06-19 21:13:41.534000,1.13321,1.13304,1190000,1000000
2016-06-19 21:13:43.174000,1.13321,1.13300,1190000,1000000
2016-06-19 21:13:50.658000,1.13319,1.13300,1190000,1000000
2016-06-19 21:13:50.962000,1.13310,1.13299,1250000,1000000
2016-06-19 21:13:51.014000,1.13317,1.13299,1760000,1000000
2016-06-19 21:13:51.981000,1.13317,1.13292,1250000,1500000
2016-06-19 21:13:54.516000,1.13317,1.13291,1250000,1500000
2016-06-19 21:14:19.137000,1.13317,1.13292,1250000,1000000
2016-06-19 21:14:19.188000,1.13319,1.13292,1000000,1500000
2016-06-19 21:14:19.239000,1.13322,1.13292,1570000,1500000
2016-06-19 21:14:25.270000,1.13322,1.13290,2320000,1000000
2016-06-19 21:14:25.478000,1.13319,1.13288,1000000,1000000
2016-06-19 21:14:25.529000,1.13318,1.13286,1000000,1500000
2016-06-19 21:14:33.258000,1.13318,1.13288,1000000,1000000
2016-06-19 21:14:39.287000,1.13319,1.13288,1000000,1000000
2016-06-19 21:14:39.338000,1.13319,1.13285,1000000,1100000
2016-06-19 21:15:03.149000,1.13320,1.13285,2380000,1100000
2016-06-19 21:15:05.411000,1.13320,1.13288,1630000,1000000
2016-06-19 21:15:05.819000,1.13320,1.13285,2380000,1100000
2016-06-19 21:15:14.221000,1.13319,1.13285,1000000,1100000
2016-06-19 21:15:25.068000,1.13320,1.13285,1790000,1000000
2016-06-19 21:15:25.176000,1.13318,1.13285,1000000,1000000
2016-06-19 21:15:33.104000,1.13318,1.13282,1000000,1000000
2016-06-19 21:15:37.295000,1.13319,1.13282,1000000,1000000
2016-06-19 21:15:41.301000,1.13318,1.13282,1000000,1000000
2016-06-19 21:15:41.627000,1.13322,1.13282,1070000,1000000
2016-06-19 21:15:59.423000,1.13322,1.13282,1070000,1070000
2016-06-19 21:15:59.474000,1.13322,1.13288,1070000,1000000
2016-06-19 21:15:59.578000,1.13322,1.13283,1070000,1100000
2016-06-19 21:16:50.916000,1.13307,1.13283,750000,1100000
2016-06-19 21:16:51.221000,1.13298,1.13273,1500000,2250000
2016-06-19 21:16:51.528000,1.13298,1.13269,1500000,1500000
2016-06-19 21:17:30.417000,1.13297,1.13269,1000000,1000000
2016-06-19 21:17:30.519000,1.13297,1.13266,1100000,3070000
2016-06-19 21:17:44.377000,1.13293,1.13266,1000000,3070000
2016-06-19 21:17:56.386000,1.13295,1.13266,1000000,3070000
2016-06-19 21:17:56.437000,1.13297,1.13266,1100000,3070000
2016-06-19 21:17:57.329000,1.13298,1.13266,1000000,3070000
2016-06-19 21:18:01.368000,1.13295,1.13266,1000000,3070000
2016-06-19 21:18:01.621000,1.13296,1.13266,1000000,1000000
2016-06-19 21:18:01.723000,1.13296,1.13266,1000000,3070000
2016-06-19 21:18:03.416000,1.13297,1.13266,1000000,3070000
2016-06-19 21:18:05.366000,1.13295,1.13266,1000000,3070000
2016-06-19 21:18:05.670000,1.13293,1.13266,1500000,3070000
2016-06-19 21:18:09.388000,1.13297,1.13266,1000000,3070000
2016-06-19 21:18:14.460000,1.13297,1.13269,1000000,1190000
2016-06-19 21:18:14.826000,1.13297,1.13273,1000000,1000000
2016-06-19 21:18:15.703000,1.13298,1.13272,1500000,2250000
2016-06-19 21:18:16.235000,1.13297,1.13272,1000000,3000000
2016-06-19 21:18:16.945000,1.13298,1.13272,1500000,2250000
2016-06-19 21:18:18.644000,1.13297,1.13272,1000000,3000000
2016-06-19 21:18:21.308000,1.13298,1.13272,1500000,2250000
2016-06-19 21:18:22.615000,1.13297,1.13272,1000000,3000000
2016-06-19 21:18:27.452000,1.13298,1.13272,1500000,3000000
2016-06-19 21:18:54.495000,1.13297,1.13273,1000000,1000000
2016-06-19 21:19:07.487000,1.13298,1.13272,1500000,2250000
2016-06-19 21:19:24.597000,1.13297,1.13273,1000000,1000000
2016-06-19 21:19:45.602000,1.13296,1.13272,1000000,3000000
2016-06-19 21:19:47.330000,1.13297,1.13272,1000000,2250000
2016-06-19 21:19:55.570000,1.13294,1.13272,1000000,2250000
2016-06-19 21:19:55.722000,1.13293,1.13268,1000000,1000000
2016-06-19 21:19:56.986000,1.13293,1.13266,1000000,2320000
2016-06-19 21:19:57.573000,1.13293,1.13266,1000000,2250000
2016-06-19 21:20:14.471000,1.13292,1.13266,1500000,2250000
2016-06-19 21:20:20.066000,1.13292,1.13264,1500000,1570000
2016-06-19 21:20:34.499000,1.13293,1.13264,1500000,1500000
2016-06-19 21:20:50.617000,1.13292,1.13264,1000000,2250000
2016-06-19 21:20:53.007000,1.13293,1.13264,3000000,1500000
2016-06-19 21:20:55.812000,1.13292,1.13264,1000000,2250000
2016-06-19 21:20:56.319000,1.13292,1.13264,1070000,2250000
2016-06-19 21:20:56.868000,1.13290,1.13264,1000000,2250000
2016-06-19 21:21:28.567000,1.13290,1.13280,1000000,1000000
2016-06-19 21:21:28.871000,1.13295,1.13284,1000000,1690000
2016-06-19 21:21:31.603000,1.13295,1.13284,1000000,1000000
2016-06-19 21:21:31.705000,1.13295,1.13286,1000000,1190000
2016-06-19 21:21:31.907000,1.13295,1.13286,1000000,1000000
2016-06-19 21:21:32.211000,1.13295,1.13281,1690000,1000000
2016-06-19 21:21:32.262000,1.13295,1.13284,1000000,1000000
2016-06-19 21:21:32.677000,1.13295,1.13286,1000000,1000000
2016-06-19 21:21:37.797000,1.13298,1.13286,1690000,1000000
2016-06-19 21:21:49.974000,1.13293,1.13286,1190000,1000000
2016-06-19 21:21:50.025000,1.13293,1.13280,1190000,1500000
2016-06-19 21:21:50.076000,1.13291,1.13272,1190000,1000000
2016-06-19 21:21:50.127000,1.13291,1.13270,1190000,4500000
2016-06-19 21:21:50.825000,1.13290,1.13270,1190000,1500000
2016-06-19 21:21:50.877000,1.13290,1.13267,1190000,3820000
2016-06-19 21:21:58.076000,1.13290,1.13275,1190000,1000000
2016-06-19 21:21:58.380000,1.13295,1.13279,2440000,1000000
2016-06-19 21:22:05.428000,1.13295,1.13277,3190000,1000000
2016-06-19 21:22:15.901000,1.13294,1.13277,1690000,1000000
2016-06-19 21:22:27.717000,1.13294,1.13279,1690000,1000000
2016-06-19 21:22:35.040000,1.13294,1.13278,1690000,1000000
2016-06-19 21:22:49.991000,1.13290,1.13278,1000000,1000000
2016-06-19 21:23:01.169000,1.13290,1.13277,1500000,1000000
2016-06-19 21:23:04.185000,1.13286,1.13275,1000000,1000000
2016-06-19 21:23:04.543000,1.13284,1.13274,1000000,1000000
2016-06-19 21:23:30.230000,1.13287,1.13274,1500000,1500000
2016-06-19 21:23:34.433000,1.13287,1.13273,1500000,1000000
2016-06-19 21:23:52.951000,1.13288,1.13273,1500000,1000000
2016-06-19 21:23:57.951000,1.13284,1.13273,1000000,1500000
2016-06-19 21:24:08.068000,1.13284,1.13281,1000000,750000
2016-06-19 21:24:08.170000,1.13299,1.13288,1000000,1120000
2016-06-19 21:24:08.221000,1.13292,1.13286,1250000,1500000
2016-06-19 21:24:08.323000,1.13292,1.13280,1690000,1000000
2016-06-19 21:24:08.374000,1.13292,1.13276,2440000,2250000
2016-06-19 21:24:12.816000,1.13292,1.13275,1250000,1500000
2016-06-19 21:24:16.297000,1.13292,1.13276,1690000,1000000
2016-06-19 21:24:34.405000,1.13292,1.13277,1690000,1000000
2016-06-19 21:24:59.841000,1.13293,1.13277,2440000,1000000
2016-06-19 21:24:59.943000,1.13293,1.13279,1250000,1000000
2016-06-19 21:25:00.452000,1.13293,1.13278,1250000,1000000
2016-06-19 21:25:01.009000,1.13293,1.13278,2440000,1000000
2016-06-19 21:25:01.062000,1.13292,1.13274,1690000,1000000
2016-06-19 21:25:01.163000,1.13291,1.13277,1190000,1000000
2016-06-19 21:25:01.674000,1.13291,1.13278,2440000,1000000
2016-06-19 21:25:02.712000,1.13290,1.13277,1690000,1000000
2016-06-19 21:25:04.810000,1.13290,1.13276,1190000,1000000
2016-06-19 21:25:06.911000,1.13291,1.13275,1690000,1500000
2016-06-19 21:25:07.517000,1.13291,1.13276,3190000,1000000
2016-06-19 21:25:09.571000,1.13291,1.13274,3190000,1000000
2016-06-19 21:25:10.078000,1.13288,1.13273,1000000,1500000
2016-06-19 21:25:10.444000,1.13286,1.13270,1000000,1000000
2016-06-19 21:25:10.495000,1.13286,1.13274,1000000,1500000
2016-06-19 21:25:10.546000,1.13290,1.13274,2440000,1500000
2016-06-19 21:25:11.472000,1.13288,1.13274,1000000,1000000
2016-06-19 21:25:11.524000,1.13288,1.13271,1500000,1500000
2016-06-19 21:25:11.575000,1.13285,1.13270,2250000,1000000
2016-06-19 21:25:11.728000,1.13289,1.13272,1250000,1000000
2016-06-19 21:25:11.779000,1.13289,1.13274,1690000,1000000
2016-06-19 21:25:15.598000,1.13286,1.13273,1000000,1000000
2016-06-19 21:25:15.801000,1.13286,1.13271,1500000,1000000
2016-06-19 21:25:20.701000,1.13287,1.13271,1500000,1000000
2016-06-19 21:25:24.101000,1.13288,1.13271,1500000,1000000
2016-06-19 21:25:40.773000,1.13288,1.13270,1500000,3750000
2016-06-19 21:25:47.792000,1.13285,1.13270,1500000,2250000
2016-06-19 21:25:50.221000,1.13287,1.13270,1000000,2250000
2016-06-19 21:25:55.978000,1.13285,1.13270,1000000,2250000
2016-06-19 21:26:06.788000,1.13284,1.13267,1000000,1500000
2016-06-19 21:26:06.839000,1.13284,1.13272,1000000,1000000
2016-06-19 21:26:06.890000,1.13286,1.13272,1000000,1000000
2016-06-19 21:26:06.942000,1.13288,1.13272,1000000,1000000
2016-06-19 21:26:28.040000,1.13289,1.13272,2440000,1000000
2016-06-19 21:27:38.987000,1.13288,1.13270,1000000,6000000
2016-06-19 21:27:50.115000,1.13285,1.13270,1000000,3750000
2016-06-19 21:27:57.857000,1.13287,1.13270,2250000,3750000
2016-06-19 21:28:30.111000,1.13288,1.13270,3000000,3750000
2016-06-19 21:29:10.743000,1.13288,1.13274,1500000,1000000
2016-06-19 21:29:11.259000,1.13288,1.13275,1000000,1000000
2016-06-19 21:29:12.161000,1.13288,1.13274,1000000,1000000
2016-06-19 21:29:18.727000,1.13289,1.13274,1000000,1000000
2016-06-19 21:29:19.070000,1.13286,1.13274,1000000,1000000
2016-06-19 21:29:40.162000,1.13287,1.13274,1000000,1000000
2016-06-19 21:29:40.213000,1.13291,1.13274,1250000,1000000
2016-06-19 21:29:45.671000,1.13291,1.13271,1250000,2320000
2016-06-19 21:29:45.722000,1.13290,1.13271,1190000,2320000
2016-06-19 21:29:46.026000,1.13285,1.13266,1190000,1000000
2016-06-19 21:29:52.069000,1.13285,1.13265,1190000,1000000
2016-06-19 21:29:57.415000,1.13285,1.13264,1190000,3070000
2016-06-19 21:30:00.083000,1.13285,1.13264,1500000,1100000
2016-06-19 21:30:00.386000,1.13284,1.13264,1190000,1100000
2016-06-19 21:30:01.201000,1.13285,1.13264,1500000,1100000
2016-06-19 21:30:01.252000,1.13285,1.13266,1500000,1070000
2016-06-19 21:30:01.354000,1.13295,1.13271,1000000,1000000
2016-06-19 21:30:01.405000,1.13292,1.13271,1000000,1000000
2016-06-19 21:30:01.557000,1.13290,1.13268,1500000,1000000
2016-06-19 21:30:02.669000,1.13292,1.13268,2250000,1000000
2016-06-19 21:30:03.151000,1.13292,1.13268,1500000,1570000
2016-06-19 21:30:03.455000,1.13293,1.13273,1000000,1000000
2016-06-19 21:30:03.965000,1.13294,1.13273,1500000,1000000
2016-06-19 21:30:04.168000,1.13306,1.13273,1000000,1000000
2016-06-19 21:30:08.023000,1.13308,1.13273,1000000,1000000
2016-06-19 21:30:08.550000,1.13309,1.13273,1000000,1000000
2016-06-19 21:30:18.998000,1.13309,1.13274,1000000,1000000
2016-06-19 21:30:19.099000,1.13305,1.13274,1000000,1000000
2016-06-19 21:30:20.599000,1.13305,1.13273,1000000,1070000
2016-06-19 21:30:21.121000,1.13306,1.13276,1500000,1000000
2016-06-19 21:30:24.332000,1.13305,1.13276,1000000,1000000
2016-06-19 21:30:24.636000,1.13303,1.13276,1000000,1000000
2016-06-19 21:30:25.438000,1.13303,1.13274,1000000,1000000
2016-06-19 21:30:31.908000,1.13303,1.13273,1000000,1100000
2016-06-19 21:30:44.967000,1.13303,1.13272,1500000,1500000
2016-06-19 21:30:59.293000,1.13302,1.13272,1000000,1000000
2016-06-19 21:31:00,1.13303,1.13272,1000000,1500000
2016-06-19 21:31:03.873000,1.13302,1.13272,1000000,1500000
2016-06-19 21:31:09.918000,1.13303,1.13272,2250000,1500000
2016-06-19 21:31:10.278000,1.13299,1.13272,1000000,1000000
2016-06-19 21:31:10.582000,1.13295,1.13272,1500000,1000000
2016-06-19 21:31:11.707000,1.13295,1.13271,1500000,1500000
2016-06-19 21:31:12.262000,1.13295,1.13270,1500000,1500000
2016-06-19 21:31:18.248000,1.13295,1.13270,1500000,1570000
2016-06-19 21:31:18.811000,1.13296,1.13272,1000000,1500000
2016-06-19 21:31:22.759000,1.13297,1.13272,2440000,1500000
2016-06-19 21:31:29.509000,1.13295,1.13272,1000000,1500000
2016-06-19 21:31:33.019000,1.13296,1.13270,1000000,2250000
2016-06-19 21:31:33.718000,1.13296,1.13271,1000000,1000000
2016-06-19 21:31:34.768000,1.13297,1.13271,1000000,1000000
2016-06-19 21:31:36.750000,1.13296,1.13271,1000000,1000000
2016-06-19 21:31:37.319000,1.13296,1.13272,1000000,1500000
2016-06-19 21:31:37.822000,1.13297,1.13272,1000000,1500000
2016-06-19 21:31:40.475000,1.13298,1.13272,1570000,1500000
2016-06-19 21:31:41.021000,1.13297,1.13272,1000000,1500000
2016-06-19 21:31:41.552000,1.13298,1.13271,1500000,1070000
2016-06-19 21:31:42.832000,1.13298,1.13271,1570000,1000000
2016-06-19 21:31:43.464000,1.13297,1.13271,1000000,1000000
2016-06-19 21:31:47.096000,1.13298,1.13271,1570000,1000000
2016-06-19 21:31:48.019000,1.13297,1.13271,1000000,1000000
2016-06-19 21:31:49.035000,1.13298,1.13271,1100000,1000000
2016-06-19 21:31:49.566000,1.13297,1.13271,1000000,1000000
2016-06-19 21:32:01.857000,1.13297,1.13270,1000000,1500000
2016-06-19 21:32:04.407000,1.13298,1.13270,1570000,1000000
2016-06-19 21:32:04.910000,1.13297,1.13270,1000000,1000000
2016-06-19 21:32:05.313000,1.13272,1.13270,2500000,1000000
2016-06-19 21:32:05.415000,1.13270,1.13261,1000000,1070000
2016-06-19 21:32:05.466000,1.13270,1.13258,1000000,1000000
2016-06-19 21:32:05.517000,1.13274,1.13257,1000000,1250000
2016-06-19 21:32:05.619000,1.13267,1.13258,1000000,1690000
2016-06-19 21:32:08.817000,1.13262,1.13259,1000000,1000000
2016-06-19 21:32:08.868000,1.13262,1.13255,1000000,1000000
2016-06-19 21:32:08.970000,1.13262,1.13241,1000000,2250000
2016-06-19 21:32:09.021000,1.13258,1.13241,1000000,2250000
2016-06-19 21:32:09.324000,1.13252,1.13238,1000000,1690000
2016-06-19 21:32:15.553000,1.13252,1.13238,1500000,1250000
2016-06-19 21:32:17.044000,1.13252,1.13238,2440000,1000000
2016-06-19 21:32:17.582000,1.13250,1.13238,1500000,1000000
2016-06-19 21:32:19.954000,1.13250,1.13237,2440000,1000000
2016-06-19 21:32:20.360000,1.13250,1.13235,2440000,2250000
2016-06-19 21:32:20.898000,1.13250,1.13236,2440000,1000000
2016-06-19 21:32:24.658000,1.13250,1.13235,2440000,2250000
2016-06-19 21:32:24.760000,1.13246,1.13235,1190000,1500000
2016-06-19 21:32:25.293000,1.13250,1.13235,1690000,1500000
2016-06-19 21:32:28.974000,1.13247,1.13235,1190000,1000000
2016-06-19 21:32:29.126000,1.13241,1.13223,1000000,1000000
2016-06-19 21:32:29.177000,1.13238,1.13222,1500000,1500000
2016-06-19 21:32:29.229000,1.13236,1.13211,1000000,1500000
2016-06-19 21:32:29.280000,1.13234,1.13210,1000000,3000000
2016-06-19 21:32:29.381000,1.13234,1.13208,1000000,1000000
2016-06-19 21:32:29.841000,1.13234,1.13213,1000000,1000000
2016-06-19 21:32:30.145000,1.13245,1.13236,1250000,2250000
2016-06-19 21:32:33.821000,1.13244,1.13236,1000000,1000000
2016-06-19 21:32:33.925000,1.13241,1.13216,1000000,3000000
2016-06-19 21:32:34.026000,1.13238,1.13216,1000000,1000000
2016-06-19 21:32:34.335000,1.13224,1.13203,1000000,1100000
2016-06-19 21:32:34.638000,1.13219,1.13199,1000000,1000000
2016-06-19 21:32:34.843000,1.13219,1.13197,1000000,1100000
2016-06-19 21:32:35.514000,1.13215,1.13194,1000000,1070000
2016-06-19 21:32:35.818000,1.13210,1.13191,3750000,1000000
2016-06-19 21:32:35.920000,1.13210,1.13189,3750000,1000000
2016-06-19 21:32:38.642000,1.13210,1.13185,3750000,4570000
2016-06-19 21:32:39.167000,1.13209,1.13185,1000000,1100000
2016-06-19 21:32:39.268000,1.13209,1.13195,1000000,1000000
2016-06-19 21:32:39.421000,1.13214,1.13199,1000000,1000000
2016-06-19 21:32:39.507000,1.13219,1.13199,1000000,1000000
2016-06-19 21:32:39.559000,1.13221,1.13199,1000000,1000000
2016-06-19 21:32:40.073000,1.13221,1.13200,1000000,1000000
2016-06-19 21:32:40.597000,1.13222,1.13200,2250000,1000000
2016-06-19 21:32:41.346000,1.13222,1.13210,1500000,1120000
2016-06-19 21:32:41.650000,1.13231,1.13225,1000000,1500000
2016-06-19 21:32:41.701000,1.13234,1.13217,1000000,1500000
2016-06-19 21:32:41.752000,1.13234,1.13209,1000000,1570000
2016-06-19 21:32:41.803000,1.13232,1.13209,1000000,1000000
2016-06-19 21:32:42.326000,1.13232,1.13210,1000000,1000000
2016-06-19 21:32:43.999000,1.13233,1.13210,1500000,1000000
2016-06-19 21:32:44.568000,1.13232,1.13210,1000000,1000000
2016-06-19 21:32:45.156000,1.13232,1.13207,2250000,1070000
2016-06-19 21:32:45.207000,1.13230,1.13207,1000000,1000000
2016-06-19 21:32:45.258000,1.13229,1.13205,1000000,1570000
2016-06-19 21:32:45.460000,1.13227,1.13203,1000000,3070000
2016-06-19 21:32:45.511000,1.13227,1.13203,1000000,2250000
2016-06-19 21:32:58.358000,1.13226,1.13203,1000000,2250000
2016-06-19 21:32:58.572000,1.13224,1.13203,1000000,2250000
2016-06-19 21:33:04.871000,1.13225,1.13203,3000000,1500000
2016-06-19 21:33:05.023000,1.13222,1.13199,1000000,1500000
2016-06-19 21:33:09.380000,1.13224,1.13200,1500000,1000000
2016-06-19 21:33:14.440000,1.13224,1.13199,2250000,3000000
2016-06-19 21:33:22.335000,1.13224,1.13202,1500000,1000000
2016-06-19 21:33:22.640000,1.13216,1.13206,1190000,3000000
2016-06-19 21:33:22.741000,1.13216,1.13204,1190000,3000000
2016-06-19 21:33:22.843000,1.13214,1.13203,1190000,2250000
2016-06-19 21:33:22.907000,1.13212,1.13201,1000000,1000000
2016-06-19 21:33:24.012000,1.13212,1.13200,1000000,1500000
2016-06-19 21:33:24.571000,1.13212,1.13201,1000000,1000000
2016-06-19 21:33:26.416000,1.13212,1.13200,1000000,1500000
2016-06-19 21:33:26.945000,1.13212,1.13201,1000000,1000000
2016-06-19 21:33:29.999000,1.13212,1.13200,1250000,1000000
2016-06-19 21:33:30.550000,1.13212,1.13201,1250000,1000000
2016-06-19 21:33:31.415000,1.13212,1.13200,1250000,1500000
2016-06-19 21:33:32.904000,1.13212,1.13199,1250000,1500000
2016-06-19 21:33:33.463000,1.13212,1.13200,1250000,1000000
2016-06-19 21:33:36.139000,1.13212,1.13199,1250000,1000000
2016-06-19 21:33:36.644000,1.13213,1.13200,3190000,1500000
2016-06-19 21:33:37.175000,1.13213,1.13201,3190000,1000000
2016-06-19 21:33:39.339000,1.13212,1.13200,1250000,1500000
2016-06-19 21:33:39.887000,1.13212,1.13201,1250000,1000000
2016-06-19 21:33:42.442000,1.13212,1.13200,1250000,1000000
2016-06-19 21:33:45.085000,1.13211,1.13200,1190000,1500000
2016-06-19 21:33:45.187000,1.13212,1.13200,1250000,1500000
2016-06-19 21:33:58.436000,1.13213,1.13199,1190000,1000000
2016-06-19 21:34:01.780000,1.13212,1.13198,1250000,1000000
2016-06-19 21:34:02.315000,1.13212,1.13199,1250000,1000000
2016-06-19 21:34:03.435000,1.13208,1.13199,1190000,1000000
2016-06-19 21:34:03.486000,1.13208,1.13197,1190000,1000000
2016-06-19 21:34:03.537000,1.13205,1.13197,1250000,1000000
2016-06-19 21:34:03.588000,1.13205,1.13195,1250000,1000000
2016-06-19 21:34:03.689000,1.13205,1.13192,1250000,2250000
2016-06-19 21:34:08.725000,1.13210,1.13197,3190000,1500000
2016-06-19 21:34:14.163000,1.13211,1.13198,1690000,1500000
2016-06-19 21:34:17.918000,1.13204,1.13198,1000000,1500000
2016-06-19 21:34:18.070000,1.13199,1.13188,1000000,1000000
2016-06-19 21:34:18.577000,1.13199,1.13187,1000000,1000000
2016-06-19 21:34:19.479000,1.13196,1.13187,1000000,1000000
2016-06-19 21:34:19.732000,1.13192,1.13172,1500000,1100000
2016-06-19 21:34:21.773000,1.13194,1.13173,1000000,1070000
2016-06-19 21:34:22.304000,1.13195,1.13173,2440000,1070000
2016-06-19 21:34:28.529000,1.13196,1.13173,1500000,1070000
2016-06-19 21:34:30.456000,1.13196,1.13173,1500000,1000000
2016-06-19 21:34:33.960000,1.13199,1.13178,2250000,1500000
2016-06-19 21:34:38.265000,1.13201,1.13178,1000000,1500000
2016-06-19 21:34:41.750000,1.13202,1.13179,1690000,1000000
2016-06-19 21:34:48.636000,1.13202,1.13178,1690000,1500000
2016-06-19 21:34:49.138000,1.13202,1.13177,1250000,2250000
2016-06-19 21:34:58.010000,1.13202,1.13178,1250000,1000000
2016-06-19 21:35:01.307000,1.13202,1.13179,1250000,1000000
2016-06-19 21:35:21.015000,1.13202,1.13182,1250000,1000000
2016-06-19 21:35:21.915000,1.13202,1.13184,1250000,1000000
2016-06-19 21:35:24.319000,1.13202,1.13182,1250000,1070000
2016-06-19 21:35:24.845000,1.13202,1.13182,1250000,1000000
2016-06-19 21:35:27.727000,1.13202,1.13180,1690000,1070000
2016-06-19 21:35:28.843000,1.13199,1.13179,1000000,1870000
2016-06-19 21:35:28.995000,1.13202,1.13179,1690000,1870000
2016-06-19 21:35:39.500000,1.13204,1.13181,1690000,1100000
2016-06-19 21:35:39.551000,1.13204,1.13184,1690000,1000000
2016-06-19 21:35:40.064000,1.13204,1.13185,1190000,1500000
2016-06-19 21:35:42.236000,1.13202,1.13185,1250000,1000000
2016-06-19 21:35:42.287000,1.13202,1.13181,1250000,1100000
2016-06-19 21:35:42.389000,1.13202,1.13179,1250000,1000000
2016-06-19 21:35:43.868000,1.13202,1.13178,1250000,2250000
2016-06-19 21:35:52.980000,1.13202,1.13179,1250000,1000000
2016-06-19 21:35:58.863000,1.13194,1.13179,1190000,1000000
2016-06-19 21:35:59.177000,1.13191,1.13179,1000000,1100000
2016-06-19 21:35:59.481000,1.13190,1.13180,1190000,1000000
2016-06-19 21:36:00.222000,1.13191,1.13180,1000000,1500000
2016-06-19 21:36:00.798000,1.13191,1.13179,1000000,1000000
2016-06-19 21:36:02.602000,1.13191,1.13178,1000000,2250000
2016-06-19 21:36:03.152000,1.13191,1.13179,1000000,1000000
2016-06-19 21:36:03.814000,1.13191,1.13178,1000000,2250000
2016-06-19 21:36:04.361000,1.13191,1.13179,1000000,1000000
2016-06-19 21:36:04.862000,1.13191,1.13178,1000000,2250000
2016-06-19 21:36:05.412000,1.13191,1.13179,1000000,1000000
2016-06-19 21:36:06.210000,1.13192,1.13179,1690000,1000000
2016-06-19 21:36:08.665000,1.13192,1.13178,1690000,2250000
2016-06-19 21:36:09.173000,1.13192,1.13179,1690000,1000000
2016-06-19 21:36:11.920000,1.13192,1.13178,1690000,2250000
2016-06-19 21:36:12.426000,1.13192,1.13179,1690000,1000000
2016-06-19 21:36:16.227000,1.13192,1.13178,1690000,2250000
2016-06-19 21:36:16.731000,1.13192,1.13179,1690000,1000000
2016-06-19 21:36:18.735000,1.13192,1.13178,1690000,2250000
2016-06-19 21:36:19.250000,1.13192,1.13179,1690000,1000000
2016-06-19 21:36:19.932000,1.13192,1.13178,1690000,2250000
2016-06-19 21:36:20.434000,1.13192,1.13179,1690000,1000000
2016-06-19 21:36:21.542000,1.13192,1.13178,1690000,2250000
2016-06-19 21:36:22.090000,1.13192,1.13179,1690000,1000000
2016-06-19 21:36:22.936000,1.13192,1.13178,1690000,2250000
2016-06-19 21:36:23.484000,1.13192,1.13179,1690000,1000000
2016-06-19 21:36:24.340000,1.13192,1.13178,1690000,2250000
2016-06-19 21:36:24.890000,1.13192,1.13179,1690000,1000000
2016-06-19 21:36:25.446000,1.13192,1.13178,1690000,2250000
2016-06-19 21:36:25.996000,1.13192,1.13179,1690000,1000000
2016-06-19 21:36:35.060000,1.13192,1.13178,1690000,2250000
2016-06-19 21:36:35.587000,1.13192,1.13179,1690000,1000000
2016-06-19 21:36:36.867000,1.13192,1.13178,1690000,2250000
2016-06-19 21:36:37.417000,1.13192,1.13179,1690000,1000000
2016-06-19 21:36:40.773000,1.13192,1.13178,1690000,2250000
2016-06-19 21:36:41.316000,1.13192,1.13179,1690000,1000000
2016-06-19 21:36:45.050000,1.13190,1.13179,1190000,1000000
2016-06-19 21:36:45.160000,1.13192,1.13179,1690000,1000000
2016-06-19 21:36:47.078000,1.13192,1.13178,1690000,2250000
2016-06-19 21:36:47.637000,1.13192,1.13179,1690000,1000000
2016-06-19 21:36:49.282000,1.13192,1.13178,1690000,2250000
2016-06-19 21:36:49.816000,1.13192,1.13179,1690000,1000000
2016-06-19 21:36:51.685000,1.13192,1.13178,1690000,2250000
2016-06-19 21:36:52.186000,1.13192,1.13179,1690000,1000000
2016-06-19 21:36:53.001000,1.13192,1.13178,1690000,2250000
2016-06-19 21:36:53.423000,1.13191,1.13178,1190000,2250000
2016-06-19 21:36:53.928000,1.13192,1.13178,2440000,2250000
2016-06-19 21:36:54.232000,1.13190,1.13177,1190000,1500000
2016-06-19 21:36:54.335000,1.13192,1.13177,1190000,1500000
2016-06-19 21:36:54.387000,1.13192,1.13180,1190000,1000000
2016-06-19 21:37:06.154000,1.13184,1.13180,1000000,1500000
2016-06-19 21:37:06.360000,1.13178,1.13165,1190000,1000000
2016-06-19 21:37:06.463000,1.13178,1.13174,1190000,1000000
2016-06-19 21:37:06.564000,1.13182,1.13180,1000000,1000000
2016-06-19 21:37:06.717000,1.13191,1.13181,3000000,1000000
2016-06-19 21:37:07.563000,1.13191,1.13180,1000000,1500000
2016-06-19 21:37:08.065000,1.13191,1.13181,1000000,1000000
2016-06-19 21:37:09.738000,1.13191,1.13180,1000000,1500000
2016-06-19 21:37:10.360000,1.13191,1.13181,1000000,1000000
2016-06-19 21:37:11.465000,1.13191,1.13180,1000000,1500000
2016-06-19 21:37:11.989000,1.13191,1.13181,1000000,1000000
2016-06-19 21:37:12.743000,1.13191,1.13180,1000000,1000000
2016-06-19 21:37:13.317000,1.13191,1.13181,1000000,1000000
2016-06-19 21:37:13.950000,1.13193,1.13181,1000000,1000000
2016-06-19 21:37:18.752000,1.13193,1.13180,1000000,1500000
2016-06-19 21:37:19.253000,1.13193,1.13181,1000000,1000000
2016-06-19 21:37:20.656000,1.13193,1.13180,1000000,1500000
2016-06-19 21:37:21.206000,1.13193,1.13181,1000000,1000000
2016-06-19 21:37:23.384000,1.13193,1.13180,1000000,1500000
2016-06-19 21:37:23.885000,1.13193,1.13181,1000000,1000000
2016-06-19 21:37:24.432000,1.13193,1.13180,1000000,1500000
2016-06-19 21:37:36.724000,1.13193,1.13179,1250000,1500000
2016-06-19 21:37:37.239000,1.13193,1.13180,1250000,1500000
2016-06-19 21:37:46.838000,1.13193,1.13180,1250000,1570000
2016-06-19 21:37:47.399000,1.13193,1.13180,1250000,1500000
2016-06-19 21:37:58.555000,1.13193,1.13179,1250000,1570000
2016-06-19 21:37:59.079000,1.13193,1.13180,1250000,1000000
2016-06-19 21:37:59.130000,1.13193,1.13182,1250000,1000000
2016-06-19 21:38:00.151000,1.13193,1.13181,1250000,1000000
2016-06-19 21:38:00.668000,1.13193,1.13182,1250000,1000000
2016-06-19 21:38:01.357000,1.13193,1.13181,1250000,1000000
2016-06-19 21:38:01.895000,1.13193,1.13182,1250000,1000000
2016-06-19 21:38:02.944000,1.13193,1.13181,1250000,1000000
2016-06-19 21:38:03.490000,1.13193,1.13182,1250000,1000000
2016-06-19 21:38:06.151000,1.13193,1.13181,1250000,1000000
2016-06-19 21:38:06.656000,1.13193,1.13182,1250000,1000000
2016-06-19 21:38:07.556000,1.13193,1.13181,1250000,1000000
2016-06-19 21:38:08.057000,1.13193,1.13182,1250000,1000000
2016-06-19 21:38:09.361000,1.13193,1.13181,1250000,1000000
2016-06-19 21:38:09.899000,1.13193,1.13182,1250000,1000000
2016-06-19 21:38:11.065000,1.13194,1.13181,1190000,1000000
2016-06-19 21:38:11.614000,1.13194,1.13182,1190000,1000000
2016-06-19 21:38:12.266000,1.13194,1.13181,1190000,1000000
2016-06-19 21:38:12.769000,1.13194,1.13182,1190000,1000000
2016-06-19 21:38:14.171000,1.13194,1.13181,1190000,1000000
2016-06-19 21:38:14.674000,1.13194,1.13182,1190000,1000000
2016-06-19 21:38:18.881000,1.13194,1.13181,1690000,1000000
2016-06-19 21:38:19.431000,1.13194,1.13182,2440000,1000000
2016-06-19 21:38:19.982000,1.13194,1.13181,1690000,1000000
2016-06-19 21:38:20.483000,1.13194,1.13182,2440000,1000000
2016-06-19 21:38:21.254000,1.13193,1.13181,1250000,1000000
2016-06-19 21:38:21.786000,1.13193,1.13182,1250000,1000000
2016-06-19 21:38:22.437000,1.13193,1.13181,1250000,1000000
2016-06-19 21:38:22.966000,1.13193,1.13182,1250000,1000000
2016-06-19 21:38:24.275000,1.13193,1.13181,1250000,1000000
2016-06-19 21:38:24.993000,1.13193,1.13180,1250000,1500000
2016-06-19 21:38:25.494000,1.13193,1.13181,1250000,1000000
2016-06-19 21:38:26.796000,1.13193,1.13180,1250000,1500000
2016-06-19 21:38:27.298000,1.13193,1.13181,1250000,1000000
2016-06-19 21:38:28.800000,1.13194,1.13180,1190000,1500000
2016-06-19 21:38:29.351000,1.13194,1.13181,1190000,1000000
2016-06-19 21:38:30.002000,1.13194,1.13180,1190000,1500000
2016-06-19 21:38:30.553000,1.13194,1.13181,1190000,1000000
2016-06-19 21:38:34.669000,1.13189,1.13181,1190000,1000000
2016-06-19 21:38:35.218000,1.13189,1.13180,1190000,1500000
2016-06-19 21:38:36.307000,1.13194,1.13180,1190000,1500000
2016-06-19 21:38:37.727000,1.13189,1.13179,1190000,1000000
2016-06-19 21:38:38.317000,1.13189,1.13178,1190000,3000000
2016-06-19 21:38:38.824000,1.13189,1.13179,1190000,1000000
2016-06-19 21:38:40.027000,1.13194,1.13179,1690000,1500000
2016-06-19 21:38:40.532000,1.13194,1.13180,1690000,1500000
2016-06-19 21:38:55.023000,1.13189,1.13180,1000000,1500000
2016-06-19 21:38:55.194000,1.13189,1.13178,1690000,1500000
2016-06-19 21:38:55.703000,1.13188,1.13178,1190000,1500000
2016-06-19 21:38:59.312000,1.13189,1.13178,1000000,1500000
2016-06-19 21:39:26.235000,1.13191,1.13178,1690000,1500000
2016-06-19 21:39:36.140000,1.13192,1.13178,1000000,1500000
2016-06-19 21:39:36.708000,1.13192,1.13177,1000000,1500000
2016-06-19 21:39:41.240000,1.13193,1.13178,1250000,2250000
2016-06-19 21:39:49.620000,1.13184,1.13178,750000,2250000
2016-06-19 21:39:49.875000,1.13177,1.13170,1190000,1000000
2016-06-19 21:39:49.926000,1.13180,1.13177,1000000,1000000
2016-06-19 21:39:50.028000,1.13182,1.13178,1000000,1000000
2016-06-19 21:39:50.332000,1.13194,1.13179,1690000,1000000
2016-06-19 21:39:50.868000,1.13194,1.13178,1690000,2250000
2016-06-19 21:39:51.419000,1.13194,1.13179,1690000,1000000
2016-06-19 21:39:52.739000,1.13194,1.13178,1690000,2250000
2016-06-19 21:39:53.261000,1.13194,1.13179,1690000,1000000
2016-06-19 21:39:54.275000,1.13194,1.13178,1690000,2250000
2016-06-19 21:39:54.822000,1.13194,1.13179,1690000,1000000
2016-06-19 21:39:55.186000,1.13194,1.13181,1190000,1000000
2016-06-19 21:39:57.381000,1.13194,1.13180,1190000,1500000
2016-06-19 21:39:57.933000,1.13194,1.13181,1190000,1000000
2016-06-19 21:40:02.981000,1.13194,1.13180,1190000,1500000
2016-06-19 21:40:03.543000,1.13194,1.13181,1190000,1000000
2016-06-19 21:40:05.563000,1.13194,1.13180,1190000,1500000
2016-06-19 21:40:06.095000,1.13194,1.13181,1190000,1000000
2016-06-19 21:40:07.874000,1.13194,1.13180,1190000,1500000
2016-06-19 21:40:15.946000,1.13194,1.13179,1190000,1500000
2016-06-19 21:40:16.508000,1.13194,1.13180,1190000,1000000
2016-06-19 21:40:17.410000,1.13194,1.13179,1190000,1500000
2016-06-19 21:40:17.925000,1.13194,1.13180,1190000,1500000
2016-06-19 21:40:21.317000,1.13194,1.13181,1190000,1000000
2016-06-19 21:40:22.302000,1.13194,1.13180,1190000,1000000
2016-06-19 21:40:22.815000,1.13194,1.13181,1190000,1000000
2016-06-19 21:40:23.616000,1.13194,1.13180,1190000,1500000
2016-06-19 21:40:24.167000,1.13194,1.13181,1190000,1000000
2016-06-19 21:40:25.406000,1.13194,1.13182,1690000,1000000
2016-06-19 21:40:25.821000,1.13192,1.13184,1000000,1000000
2016-06-19 21:40:28.912000,1.13193,1.13183,1250000,1000000
2016-06-19 21:40:29.613000,1.13192,1.13184,1000000,1000000
2016-06-19 21:40:34.324000,1.13193,1.13183,1250000,1000000
2016-06-19 21:40:34.989000,1.13192,1.13184,1000000,1000000
2016-06-19 21:40:37.230000,1.13193,1.13185,1250000,1000000
2016-06-19 21:40:41.352000,1.13194,1.13184,1690000,1500000
2016-06-19 21:40:41.901000,1.13193,1.13185,1250000,1500000
2016-06-19 21:40:51.799000,1.13194,1.13184,1690000,1500000
2016-06-19 21:40:52.300000,1.13193,1.13185,1250000,1500000
2016-06-19 21:41:05.999000,1.13188,1.13185,1250000,1500000
2016-06-19 21:41:06.101000,1.13188,1.13180,1250000,2250000
2016-06-19 21:41:06.152000,1.13192,1.13179,1690000,1000000
2016-06-19 21:41:06.203000,1.13192,1.13176,1690000,1500000
2016-06-19 21:41:06.254000,1.13188,1.13176,1250000,1500000
2016-06-19 21:41:06.557000,1.13192,1.13185,1190000,1500000
2016-06-19 21:41:11.431000,1.13190,1.13181,1190000,1500000
2016-06-19 21:41:11.532000,1.13194,1.13182,1190000,1000000
2016-06-19 21:41:11.634000,1.13191,1.13182,1190000,1000000
2016-06-19 21:41:12.293000,1.13191,1.13181,1190000,1000000
2016-06-19 21:41:12.912000,1.13191,1.13182,1190000,1000000
2016-06-19 21:41:13.259000,1.13186,1.13182,1000000,1000000
2016-06-19 21:41:13.310000,1.13191,1.13182,1190000,1000000
2016-06-19 21:41:16.116000,1.13191,1.13181,1190000,1000000
2016-06-19 21:41:16.735000,1.13191,1.13182,1190000,1000000
2016-06-19 21:41:18.210000,1.13191,1.13181,1190000,1000000
2016-06-19 21:41:18.811000,1.13191,1.13182,1190000,1000000
2016-06-19 21:41:20.113000,1.13191,1.13181,1190000,1000000
2016-06-19 21:41:20.631000,1.13194,1.13180,1190000,1500000
2016-06-19 21:41:21.164000,1.13193,1.13181,1250000,1000000
2016-06-19 21:41:23.172000,1.13188,1.13181,1000000,1000000
2016-06-19 21:41:23.536000,1.13193,1.13180,1250000,1000000
2016-06-19 21:41:24.563000,1.13193,1.13179,1250000,1500000
2016-06-19 21:41:25.120000,1.13193,1.13180,1250000,1500000
2016-06-19 21:41:32.982000,1.13188,1.13180,1190000,1500000
2016-06-19 21:41:36.963000,1.13188,1.13179,1190000,1500000
2016-06-19 21:41:37.479000,1.13188,1.13180,1190000,1500000
2016-06-19 21:41:46.477000,1.13188,1.13179,1190000,1500000
2016-06-19 21:41:47.002000,1.13188,1.13180,1190000,1500000
2016-06-19 21:41:55.294000,1.13193,1.13180,1000000,1690000
2016-06-19 21:41:56.408000,1.13194,1.13180,1000000,1690000
2016-06-19 21:42:01.342000,1.13194,1.13180,2440000,1000000
2016-06-19 21:42:01.461000,1.13188,1.13180,1190000,1000000
2016-06-19 21:42:18.031000,1.13188,1.13179,1190000,1500000
2016-06-19 21:42:18.562000,1.13188,1.13180,1190000,1500000
2016-06-19 21:42:19.933000,1.13189,1.13180,1190000,1500000
2016-06-19 21:42:20.935000,1.13189,1.13179,1190000,1500000
2016-06-19 21:42:21.436000,1.13189,1.13180,1190000,1500000
2016-06-19 21:42:21.951000,1.13189,1.13179,1190000,1500000
2016-06-19 21:42:22.499000,1.13189,1.13180,1190000,1000000
2016-06-19 21:42:25.006000,1.13188,1.13180,1190000,1500000
2016-06-19 21:42:29.099000,1.13188,1.13179,1190000,1500000
2016-06-19 21:42:29.630000,1.13188,1.13180,1190000,1500000
2016-06-19 21:42:30.851000,1.13188,1.13179,1190000,1500000
2016-06-19 21:42:31.401000,1.13188,1.13180,1190000,1500000
2016-06-19 21:42:34.727000,1.13188,1.13179,1190000,1500000
2016-06-19 21:42:35.265000,1.13188,1.13180,1190000,1000000
2016-06-19 21:42:40.194000,1.13188,1.13179,1190000,1500000
2016-06-19 21:42:40.727000,1.13188,1.13180,1190000,1500000
2016-06-19 21:42:44.362000,1.13188,1.13179,1190000,1500000
2016-06-19 21:42:44.901000,1.13188,1.13180,1190000,1500000
2016-06-19 21:42:47.505000,1.13188,1.13179,1190000,1500000
2016-06-19 21:42:48.009000,1.13188,1.13180,1190000,1500000
2016-06-19 21:42:54.912000,1.13189,1.13180,1190000,1500000
2016-06-19 21:42:55.463000,1.13193,1.13183,1000000,1000000
2016-06-19 21:42:55.565000,1.13193,1.13179,1000000,3750000
2016-06-19 21:42:55.616000,1.13198,1.13181,1500000,1000000
2016-06-19 21:42:55.768000,1.13198,1.13184,1500000,1000000
2016-06-19 21:42:57.373000,1.13198,1.13181,1500000,1000000
2016-06-19 21:42:59.088000,1.13198,1.13184,1500000,1000000
2016-06-19 21:42:59.425000,1.13198,1.13186,1500000,1000000
2016-06-19 21:43:03.379000,1.13198,1.13183,1500000,1070000
2016-06-19 21:43:16.267000,1.13198,1.13183,2250000,1000000
2016-06-19 21:43:16.817000,1.13197,1.13183,1000000,1000000
2016-06-19 21:43:16.919000,1.13197,1.13181,1500000,1100000
2016-06-19 21:43:29.196000,1.13198,1.13181,1000000,1100000
2016-06-19 21:43:29.348000,1.13199,1.13183,1500000,1000000
2016-06-19 21:43:30.804000,1.13198,1.13183,1000000,1000000
2016-06-19 21:43:30.906000,1.13198,1.13181,1000000,1100000
2016-06-19 21:43:33.002000,1.13198,1.13181,1000000,1370000
2016-06-19 21:43:33.504000,1.13199,1.13185,1500000,1000000
2016-06-19 21:43:36.196000,1.13198,1.13185,1000000,1000000
2016-06-19 21:43:36.348000,1.13198,1.13183,1500000,1000000
2016-06-19 21:43:40.420000,1.13198,1.13182,1000000,1000000
2016-06-19 21:43:44.676000,1.13200,1.13182,2250000,1000000
2016-06-19 21:43:44.778000,1.13201,1.13182,1000000,1870000
2016-06-19 21:43:45.128000,1.13203,1.13185,1500000,1070000
2016-06-19 21:43:49.391000,1.13203,1.13185,1500000,1100000
2016-06-19 21:44:08.279000,1.13203,1.13182,1000000,1000000
2016-06-19 21:44:08.380000,1.13201,1.13181,1000000,1500000
2016-06-19 21:44:08.929000,1.13201,1.13182,1000000,1000000
2016-06-19 21:44:22.610000,1.13201,1.13181,1000000,1000000
2016-06-19 21:44:23.850000,1.13201,1.13180,1000000,1570000
2016-06-19 21:44:53.328000,1.13202,1.13183,1000000,1000000
2016-06-19 21:44:53.849000,1.13201,1.13183,1000000,1000000
2016-06-19 21:44:57.967000,1.13201,1.13192,1000000,1000000
2016-06-19 21:44:58.271000,1.13208,1.13204,1000000,1000000
2016-06-19 21:44:58.322000,1.13212,1.13210,1000000,1000000
2016-06-19 21:44:58.942000,1.13212,1.13209,1000000,1000000
2016-06-19 21:44:59.043000,1.13212,1.13207,1000000,1000000
2016-06-19 21:44:59.790000,1.13212,1.13206,1000000,1000000
2016-06-19 21:45:00.065000,1.13220,1.13206,2440000,1000000
2016-06-19 21:45:00.570000,1.13220,1.13206,1500000,2620000
2016-06-19 21:45:00.622000,1.13220,1.13211,1500000,1000000
2016-06-19 21:45:00.930000,1.13220,1.13214,2440000,3000000
2016-06-19 21:45:24.187000,1.13220,1.13214,3190000,3000000
2016-06-19 21:45:28.166000,1.13218,1.13214,1000000,2250000
2016-06-19 21:45:40.181000,1.13220,1.13213,2440000,2250000
2016-06-19 21:45:53.984000,1.13218,1.13214,1000000,2250000
2016-06-19 21:46:10.204000,1.13220,1.13214,1690000,2250000
2016-06-19 21:46:12.018000,1.13218,1.13214,1000000,2250000
2016-06-19 21:46:29.920000,1.13218,1.13213,1000000,1500000
2016-06-19 21:46:30.021000,1.13220,1.13213,1000000,1500000
2016-06-19 21:46:34.058000,1.13216,1.13213,1000000,1500000
2016-06-19 21:46:34.313000,1.13191,1.13183,1000000,1070000
2016-06-19 21:46:34.819000,1.13191,1.13183,1000000,1000000
2016-06-19 21:46:35.331000,1.13190,1.13180,1500000,1070000
2016-06-19 21:46:39.910000,1.13191,1.13180,2250000,1070000
2016-06-19 21:46:40.435000,1.13190,1.13180,1500000,1070000
2016-06-19 21:46:49.695000,1.13190,1.13180,1500000,1000000
2016-06-19 21:46:55.182000,1.13190,1.13180,1500000,1070000
2016-06-19 21:47:13.485000,1.13190,1.13178,1500000,2250000
2016-06-19 21:47:14.687000,1.13190,1.13183,1500000,1000000
2016-06-19 21:47:14.789000,1.13190,1.13178,1500000,1500000
2016-06-19 21:47:16.967000,1.13190,1.13180,1500000,1000000
2016-06-19 21:47:17.712000,1.13190,1.13178,1500000,1500000
2016-06-19 21:47:23.889000,1.13190,1.13180,1500000,1000000
2016-06-19 21:47:24.511000,1.13191,1.13180,1000000,1100000
2016-06-19 21:47:27.389000,1.13191,1.13182,1000000,1000000
2016-06-19 21:47:27.932000,1.13191,1.13182,1000000,1070000
2016-06-19 21:47:28.462000,1.13191,1.13182,1000000,1000000
2016-06-19 21:47:28.513000,1.13191,1.13180,1000000,1100000
2016-06-19 21:47:30.118000,1.13192,1.13180,1000000,1100000
2016-06-19 21:47:30.636000,1.13193,1.13180,2250000,1100000
2016-06-19 21:47:34.431000,1.13193,1.13183,2250000,1000000
2016-06-19 21:47:55.041000,1.13192,1.13183,1000000,1000000
2016-06-19 21:48:11.673000,1.13192,1.13180,1000000,1100000
2016-06-19 21:48:56.426000,1.13193,1.13180,2250000,1100000
2016-06-19 21:49:24.747000,1.13192,1.13180,1000000,1100000
2016-06-19 21:49:36.669000,1.13192,1.13183,1000000,1000000
2016-06-19 21:49:36.770000,1.13192,1.13180,1000000,1100000
2016-06-19 21:49:43.009000,1.13193,1.13179,1500000,1070000
2016-06-19 21:49:43.110000,1.13193,1.13183,1500000,1000000
2016-06-19 21:49:43.211000,1.13193,1.13179,1500000,1070000
2016-06-19 21:49:43.726000,1.13193,1.13179,1500000,1000000
2016-06-19 21:49:44.837000,1.13193,1.13179,1500000,1070000
2016-06-19 21:49:45.529000,1.13193,1.13179,1500000,1000000
2016-06-19 21:49:45.732000,1.13193,1.13179,1500000,1070000
2016-06-19 21:49:46.045000,1.13193,1.13179,1500000,1000000
2016-06-19 21:49:50.327000,1.13193,1.13178,1500000,2320000
2016-06-19 21:49:50.478000,1.13193,1.13178,1500000,2620000
2016-06-19 21:49:51.209000,1.13193,1.13183,1500000,1000000
2016-06-19 21:49:51.427000,1.13193,1.13178,1500000,2320000
2016-06-19 21:49:52.730000,1.13193,1.13179,1500000,1000000
2016-06-19 21:49:54.029000,1.13193,1.13178,1500000,2320000
2016-06-19 21:50:04.236000,1.13194,1.13178,1500000,1100000
2016-06-19 21:50:04.773000,1.13193,1.13178,1000000,1100000
2016-06-19 21:50:08.379000,1.13194,1.13178,1500000,1100000
2016-06-19 21:50:08.906000,1.13193,1.13178,1000000,1100000
2016-06-19 21:50:09.449000,1.13192,1.13178,1000000,1100000
2016-06-19 21:50:14.009000,1.13192,1.13178,1000000,1070000
2016-06-19 21:50:15.652000,1.13192,1.13176,1000000,1600000
2016-06-19 21:50:15.938000,1.13192,1.13176,1000000,1600000
2016-06-19 21:50:19.862000,1.13192,1.13182,1000000,1000000
2016-06-19 21:50:19.967000,1.13192,1.13178,1000000,2320000
2016-06-19 21:50:20.361000,1.13192,1.13182,1000000,1000000
2016-06-19 21:50:20.513000,1.13192,1.13178,1000000,2250000
2016-06-19 21:50:20.564000,1.13192,1.13182,1000000,1000000
2016-06-19 21:50:20.864000,1.13192,1.13178,1000000,2320000
2016-06-19 21:50:20.915000,1.13192,1.13178,1000000,2250000
2016-06-19 21:50:31.781000,1.13190,1.13178,1000000,1000000
2016-06-19 21:50:31.940000,1.13190,1.13176,1000000,1000000
2016-06-19 21:50:37.329000,1.13190,1.13175,1000000,1000000
2016-06-19 21:50:40.719000,1.13193,1.13176,2620000,1000000
2016-06-19 21:50:40.770000,1.13193,1.13180,2620000,1000000
2016-06-19 21:50:41.074000,1.13194,1.13183,1000000,1670000
2016-06-19 21:50:44.153000,1.13193,1.13184,1000000,1670000
2016-06-19 21:50:44.306000,1.13193,1.13177,4500000,1000000
2016-06-19 21:50:44.848000,1.13192,1.13177,1000000,1000000
2016-06-19 21:50:45.455000,1.13193,1.13177,3750000,1000000
2016-06-19 21:50:46.151000,1.13192,1.13177,1000000,1000000
2016-06-19 21:50:48.557000,1.13193,1.13177,3750000,1000000
2016-06-19 21:50:49.171000,1.13192,1.13177,1000000,1000000
2016-06-19 21:50:49.506000,1.13192,1.13179,1000000,1000000
2016-06-19 21:50:49.827000,1.13194,1.13184,2620000,1600000
2016-06-19 21:50:53.805000,1.13193,1.13184,3370000,1000000
2016-06-19 21:50:53.856000,1.13193,1.13180,4870000,2250000
2016-06-19 21:50:53.958000,1.13193,1.13180,3370000,1070000
2016-06-19 21:50:54.063000,1.13192,1.13180,1000000,1000000
2016-06-19 21:50:54.215000,1.13193,1.13177,4870000,1570000
2016-06-19 21:50:54.266000,1.13193,1.13177,4120000,1870000
2016-06-19 21:50:54.814000,1.13193,1.13183,3370000,1000000
2016-06-19 21:50:58.060000,1.13192,1.13183,1000000,1000000
2016-06-19 21:50:58.111000,1.13192,1.13178,1000000,1000000
2016-06-19 21:50:59.507000,1.13192,1.13177,1000000,1000000
2016-06-19 21:50:59.710000,1.13193,1.13182,4870000,1000000
2016-06-19 21:50:59.963000,1.13192,1.13177,1000000,1000000
2016-06-19 21:51:05.281000,1.13193,1.13177,4500000,1000000
2016-06-19 21:51:05.332000,1.13193,1.13182,4500000,1000000
2016-06-19 21:51:06.431000,1.13193,1.13177,3750000,1120000
2016-06-19 21:51:06.482000,1.13193,1.13177,4500000,1000000
2016-06-19 21:51:12.895000,1.13192,1.13177,1000000,1000000
2016-06-19 21:51:13.098000,1.13191,1.13175,1000000,1570000
2016-06-19 21:51:16.206000,1.13192,1.13175,1500000,1570000
2016-06-19 21:51:16.754000,1.13191,1.13175,1000000,1570000
2016-06-19 21:51:16.907000,1.13192,1.13176,1500000,1370000
2016-06-19 21:51:17.009000,1.13192,1.13176,1500000,1000000
2016-06-19 21:51:22.253000,1.13192,1.13176,1000000,1870000
2016-06-19 21:51:22.803000,1.13193,1.13178,3000000,2250000
2016-06-19 21:52:11.265000,1.13193,1.13178,3750000,1870000
2016-06-19 21:52:11.367000,1.13193,1.13178,3750000,1500000
2016-06-19 21:52:20.286000,1.13193,1.13178,3750000,1870000
2016-06-19 21:52:28.756000,1.13193,1.13178,3750000,1500000
2016-06-19 21:52:29.732000,1.13193,1.13178,3750000,1870000
2016-06-19 21:52:30.096000,1.13193,1.13178,3750000,1500000
2016-06-19 21:52:31.398000,1.13192,1.13178,1000000,1500000
2016-06-19 21:52:37.488000,1.13192,1.13184,1000000,1000000
2016-06-19 21:52:40.089000,1.13192,1.13177,1000000,2020000
2016-06-19 21:52:40.192000,1.13192,1.13177,1000000,1650000
2016-06-19 21:52:40.520000,1.13194,1.13184,4500000,1000000
2016-06-19 21:52:40.825000,1.13194,1.13193,1000000,1000000
2016-06-19 21:52:40.876000,1.13194,1.13192,2250000,1000000
2016-06-19 21:52:40.978000,1.13193,1.13190,2250000,1000000
2016-06-19 21:52:41.080000,1.13201,1.13185,1000000,1000000
2016-06-19 21:52:41.283000,1.13207,1.13190,1500000,1070000
2016-06-19 21:52:41.384000,1.13207,1.13186,1000000,1000000
2016-06-19 21:52:52.941000,1.13208,1.13186,1000000,1000000
2016-06-19 21:53:08.518000,1.13210,1.13186,1500000,1000000
2016-06-19 21:53:15.553000,1.13211,1.13186,2250000,1500000
2016-06-19 21:53:22.991000,1.13211,1.13188,1500000,1000000
2016-06-19 21:53:23.296000,1.13225,1.13212,1190000,1500000
2016-06-19 21:53:23.398000,1.13223,1.13205,1690000,2250000
2016-06-19 21:53:23.449000,1.13222,1.13207,1000000,1000000
2016-06-19 21:53:23.753000,1.13229,1.13213,1690000,2250000
2016-06-19 21:53:23.818000,1.13229,1.13215,1690000,1870000
2016-06-19 21:53:24.187000,1.13229,1.13218,1250000,1000000
2016-06-19 21:53:25.391000,1.13229,1.13218,1190000,1000000
2016-06-19 21:53:26.813000,1.13227,1.13218,1190000,1000000
2016-06-19 21:53:26.915000,1.13226,1.13215,1690000,1000000
2016-06-19 21:53:27.321000,1.13227,1.13218,1190000,1000000
2016-06-19 21:53:30.549000,1.13230,1.13217,2250000,1000000
2016-06-19 21:53:31.051000,1.13229,1.13218,1000000,1000000
2016-06-19 21:53:31.354000,1.13227,1.13218,1190000,1000000
2016-06-19 21:53:33.257000,1.13227,1.13217,1190000,1000000
2016-06-19 21:53:33.894000,1.13227,1.13218,1190000,1000000
2016-06-19 21:53:35.061000,1.13227,1.13217,1190000,1000000
2016-06-19 21:53:35.610000,1.13227,1.13218,1190000,1000000
2016-06-19 21:53:37.601000,1.13225,1.13218,1190000,1000000
2016-06-19 21:53:37.653000,1.13225,1.13210,1190000,1500000
2016-06-19 21:53:37.805000,1.13226,1.13212,2440000,1000000
2016-06-19 21:53:37.857000,1.13227,1.13217,1190000,1000000
2016-06-19 21:53:38.065000,1.13224,1.13214,1250000,1000000
2016-06-19 21:53:38.607000,1.13226,1.13213,1190000,1500000
2016-06-19 21:53:40.870000,1.13226,1.13214,1190000,1000000
2016-06-19 21:53:41.379000,1.13226,1.13215,1190000,1000000
2016-06-19 21:53:42.177000,1.13226,1.13214,1190000,1500000
2016-06-19 21:53:42.801000,1.13226,1.13215,1190000,1000000
2016-06-19 21:53:43.375000,1.13226,1.13214,1190000,1500000
2016-06-19 21:53:44.381000,1.13226,1.13215,1190000,1000000
2016-06-19 21:53:45.801000,1.13226,1.13218,1190000,1000000
2016-06-19 21:53:46.054000,1.13228,1.13221,1000000,1000000
2016-06-19 21:53:46.561000,1.13231,1.13221,1190000,1000000
2016-06-19 21:53:50.142000,1.13230,1.13219,1250000,1000000
2016-06-19 21:53:50.652000,1.13230,1.13220,1250000,1500000
2016-06-19 21:53:53.647000,1.13230,1.13219,1250000,1500000
2016-06-19 21:53:54.185000,1.13230,1.13220,1250000,1000000
2016-06-19 21:53:58.955000,1.13230,1.13219,1250000,1500000
2016-06-19 21:53:59.457000,1.13230,1.13220,1250000,1500000
2016-06-19 21:54:00.163000,1.13233,1.13220,1250000,1500000
2016-06-19 21:54:07.818000,1.13233,1.13219,1250000,1500000
2016-06-19 21:54:07.869000,1.13233,1.13222,1690000,1000000
2016-06-19 21:54:08.970000,1.13233,1.13221,1250000,1000000
2016-06-19 21:54:09.474000,1.13233,1.13222,1690000,1000000
2016-06-19 21:54:10.975000,1.13233,1.13221,1250000,1000000
2016-06-19 21:54:11.477000,1.13233,1.13222,1690000,1000000
2016-06-19 21:54:14.517000,1.13237,1.13219,1000000,1000000
2016-06-19 21:54:15.155000,1.13239,1.13220,1000000,1000000
2016-06-19 21:54:15.688000,1.13240,1.13221,1000000,1000000
2016-06-19 21:54:20.051000,1.13240,1.13221,1000000,1070000
2016-06-19 21:54:20.601000,1.13240,1.13221,1000000,1000000
2016-06-19 21:54:24.711000,1.13240,1.13219,1000000,2250000
2016-06-19 21:54:28.723000,1.13239,1.13219,1000000,1500000
2016-06-19 21:54:29.321000,1.13240,1.13219,2400000,1500000
2016-06-19 21:54:29.922000,1.13239,1.13219,1000000,1500000
2016-06-19 21:54:31.024000,1.13240,1.13219,2400000,1500000
2016-06-19 21:54:31.527000,1.13239,1.13219,1000000,1500000
2016-06-19 21:54:34.133000,1.13240,1.13219,2400000,1000000
2016-06-19 21:54:34.734000,1.13239,1.13219,1000000,1000000
2016-06-19 21:54:36.158000,1.13240,1.13219,2400000,1000000
2016-06-19 21:54:36.754000,1.13239,1.13219,1000000,1000000
2016-06-19 21:54:37.742000,1.13240,1.13219,2400000,1000000
2016-06-19 21:54:38.341000,1.13239,1.13219,1000000,1000000
2016-06-19 21:54:38.576000,1.13235,1.13219,1000000,1000000
2016-06-19 21:54:38.729000,1.13234,1.13213,1000000,4120000
2016-06-19 21:54:38.780000,1.13234,1.13214,1000000,1000000
2016-06-19 21:54:39.051000,1.13235,1.13219,3750000,1000000
2016-06-19 21:54:39.204000,1.13238,1.13219,1500000,1000000
2016-06-19 21:54:42.552000,1.13237,1.13219,1000000,1000000
2016-06-19 21:54:43.077000,1.13238,1.13219,1500000,1100000
2016-06-19 21:54:46.731000,1.13235,1.13219,1000000,1000000
2016-06-19 21:54:47.059000,1.13235,1.13219,1150000,1000000
2016-06-19 21:54:59.586000,1.13235,1.13218,1150000,1000000
2016-06-19 21:55:04.207000,1.13233,1.13217,1150000,1000000
2016-06-19 21:55:04.259000,1.13233,1.13213,1150000,1070000
2016-06-19 21:55:04.310000,1.13232,1.13211,1650000,1500000
2016-06-19 21:55:11.729000,1.13231,1.13209,1650000,1500000
2016-06-19 21:55:12.276000,1.13231,1.13209,3000000,1000000
2016-06-19 21:55:18.878000,1.13230,1.13207,1000000,1570000
2016-06-19 21:55:23.921000,1.13230,1.13208,1000000,1000000
2016-06-19 21:55:34.569000,1.13228,1.13206,1000000,1000000
2016-06-19 21:55:34.874000,1.13203,1.13197,2250000,1000000
2016-06-19 21:55:36.044000,1.13214,1.13198,1500000,1500000
2016-06-19 21:55:36.146000,1.13222,1.13200,1000000,1500000
2016-06-19 21:55:36.430000,1.13222,1.13200,1000000,1870000
2016-06-19 21:55:36.531000,1.13222,1.13200,1000000,1500000
2016-06-19 21:55:36.936000,1.13222,1.13198,1000000,2250000
2016-06-19 21:55:37.473000,1.13222,1.13199,1000000,1000000
2016-06-19 21:55:38.970000,1.13222,1.13198,1000000,2250000
2016-06-19 21:55:39.479000,1.13222,1.13199,1000000,1000000
2016-06-19 21:55:40.152000,1.13222,1.13200,1000000,1500000
2016-06-19 21:55:44.528000,1.13223,1.13200,2250000,1500000
2016-06-19 21:55:44.630000,1.13221,1.13200,1500000,1500000
2016-06-19 21:55:45.158000,1.13221,1.13199,1500000,1000000
2016-06-19 21:55:54.360000,1.13222,1.13199,2250000,1000000
2016-06-19 21:56:04.461000,1.13222,1.13198,3000000,2250000
2016-06-19 21:56:04.845000,1.13220,1.13198,1500000,1500000
2016-06-19 21:56:24.769000,1.13221,1.13198,1500000,1500000
2016-06-19 21:56:25.272000,1.13220,1.13198,1500000,1000000
2016-06-19 21:56:27.894000,1.13221,1.13198,1000000,1000000
2016-06-19 21:56:34.133000,1.13219,1.13198,1000000,1000000
2016-06-19 21:56:45.052000,1.13219,1.13196,1500000,1000000
2016-06-19 21:56:55.822000,1.13209,1.13196,1000000,1000000
2016-06-19 21:56:56.025000,1.13203,1.13179,1690000,2620000
2016-06-19 21:56:56.078000,1.13201,1.13179,1190000,2250000
2016-06-19 21:57:10.459000,1.13199,1.13179,1190000,1500000
2016-06-19 21:57:14.408000,1.13196,1.13179,1190000,1000000
2016-06-19 21:57:23.371000,1.13194,1.13179,1000000,1000000
2016-06-19 21:57:23.576000,1.13187,1.13169,1500000,1500000
2016-06-19 21:57:23.638000,1.13187,1.13180,1500000,1000000
2016-06-19 21:57:23.689000,1.13190,1.13180,1000000,1000000
2016-06-19 21:57:23.791000,1.13194,1.13177,3000000,2250000
2016-06-19 21:57:23.842000,1.13191,1.13177,1000000,1500000
2016-06-19 21:57:24.146000,1.13193,1.13180,1000000,1000000
2016-06-19 21:57:29.284000,1.13196,1.13180,1000000,1000000
2016-06-19 21:57:29.789000,1.13198,1.13180,2440000,1000000
2016-06-19 21:57:39.698000,1.13178,1.13177,1000000,1500000
2016-06-19 21:57:39.799000,1.13178,1.13169,1000000,1100000
2016-06-19 21:57:39.901000,1.13181,1.13176,1000000,750000
2016-06-19 21:57:40.104000,1.13187,1.13169,1000000,1190000
2016-06-19 21:57:40.155000,1.13189,1.13169,1000000,1690000
2016-06-19 21:57:40.459000,1.13189,1.13178,1000000,1500000
2016-06-19 21:57:40.510000,1.13189,1.13170,1000000,1000000
2016-06-19 21:57:40.611000,1.13189,1.13180,1000000,1000000
2016-06-19 21:57:45.378000,1.13192,1.13180,3000000,1000000
2016-06-19 21:57:49.075000,1.13180,1.13179,1000000,1000000
2016-06-19 21:57:49.177000,1.13178,1.13172,1000000,1500000
2016-06-19 21:57:49.229000,1.13178,1.13166,1000000,3190000
2016-06-19 21:57:50.374000,1.13178,1.13168,1000000,1190000
2016-06-19 21:57:51.455000,1.13181,1.13169,1690000,1190000
2016-06-19 21:57:51.507000,1.13182,1.13169,1000000,1000000
2016-06-19 21:57:51.609000,1.13186,1.13169,1000000,1000000
2016-06-19 21:58:05.113000,1.13188,1.13169,1000000,1000000
2016-06-19 21:58:05.316000,1.13192,1.13169,1500000,1000000
2016-06-19 21:58:25.161000,1.13192,1.13170,1000000,1000000
2016-06-19 21:58:25.263000,1.13195,1.13170,2250000,1000000
2016-06-19 21:58:43.068000,1.13196,1.13170,1500000,2250000
2016-06-19 21:58:51.375000,1.13196,1.13171,1500000,1000000
2016-06-19 21:59:00.763000,1.13198,1.13171,1870000,1500000
2016-06-19 21:59:01.334000,1.13197,1.13171,1000000,1500000
2016-06-19 21:59:01.444000,1.13195,1.13171,1250000,1500000
2016-06-19 21:59:17.663000,1.13195,1.13175,940000,750000
2016-06-19 21:59:18.171000,1.13195,1.13176,940000,750000
2016-06-19 21:59:18.861000,1.13195,1.13175,940000,1500000
2016-06-19 21:59:19.389000,1.13195,1.13176,940000,750000
2016-06-19 21:59:21.188000,1.13195,1.13175,940000,1500000
2016-06-19 21:59:21.706000,1.13195,1.13176,940000,750000
2016-06-19 21:59:25.307000,1.13195,1.13175,940000,1500000
2016-06-19 21:59:25.857000,1.13195,1.13176,940000,750000
2016-06-19 21:59:26.510000,1.13195,1.13175,940000,1500000
2016-06-19 21:59:27.060000,1.13195,1.13176,940000,750000
2016-06-19 21:59:28.013000,1.13195,1.13175,940000,1500000
2016-06-19 21:59:28.515000,1.13195,1.13176,940000,750000
2016-06-19 21:59:29.412000,1.13195,1.13175,940000,1500000
2016-06-19 21:59:29.965000,1.13195,1.13176,940000,750000
2016-06-19 21:59:30.492000,1.13195,1.13175,940000,2250000
2016-06-19 21:59:33.093000,1.13195,1.13173,940000,750000
2016-06-19 21:59:33.599000,1.13194,1.13172,750000,1500000
2016-06-19 21:59:38.409000,1.13194,1.13171,750000,3070000
2016-06-19 21:59:44.953000,1.13194,1.13174,750000,750000
2016-06-19 21:59:48.008000,1.13190,1.13174,750000,750000
2016-06-19 21:59:48.312000,1.13164,1.13163,2250000,1500000
2016-06-19 21:59:48.616000,1.13189,1.13171,750000,1500000
2016-06-19 21:59:48.667000,1.13186,1.13171,750000,1500000
2016-06-19 21:59:48.972000,1.13172,1.13171,750000,1500000
2016-06-19 21:59:49.023000,1.13183,1.13171,750000,750000
2016-06-19 21:59:49.074000,1.13171,1.13170,3000000,750000
2016-06-19 21:59:49.226000,1.13177,1.13171,1500000,750000
2016-06-19 21:59:49.277000,1.13181,1.13171,750000,750000
2016-06-19 21:59:49.378000,1.13168,1.13167,750000,750000
2016-06-19 21:59:49.480000,1.13185,1.13173,750000,750000
2016-06-19 21:59:49.581000,1.13189,1.13175,750000,750000
2016-06-19 21:59:49.632000,1.13194,1.13175,750000,750000
2016-06-19 21:59:49.784000,1.13194,1.13173,750000,1500000
2016-06-19 21:59:50.314000,1.13194,1.13174,750000,750000
2016-06-19 21:59:52.103000,1.13194,1.13173,750000,1500000
2016-06-19 21:59:52.767000,1.13194,1.13174,750000,750000
2016-06-19 21:59:54.110000,1.13194,1.13173,750000,1500000
2016-06-19 21:59:54.624000,1.13194,1.13174,750000,750000
2016-06-19 21:59:56.639000,1.13192,1.13174,750000,750000
2016-06-19 21:59:59.721000,1.13192,1.13173,750000,1500000
2016-06-19 22:00:00.238000,1.13192,1.13189,750000,750000
2016-06-19 22:00:00.391000,1.13177,1.13172,940000,2250000
2016-06-19 22:00:00.748000,1.13180,1.13179,1500000,750000
2016-06-19 22:00:00.799000,1.13182,1.13179,2250000,1500000
2016-06-19 22:00:00.850000,1.13186,1.13185,1500000,750000
2016-06-19 22:00:00.955000,1.13188,1.13187,750000,750000
2016-06-19 22:00:01.057000,1.13188,1.13182,750000,750000
2016-06-19 22:00:01.159000,1.13188,1.13184,750000,750000
2016-06-19 22:00:01.670000,1.13188,1.13185,750000,750000
2016-06-19 22:00:02.260000,1.13188,1.13186,750000,750000
2016-06-19 22:00:02.312000,1.13188,1.13184,750000,750000
2016-06-19 22:00:02.468000,1.13190,1.13184,3000000,750000
2016-06-19 22:00:02.519000,1.13190,1.13181,3000000,750000
2016-06-19 22:00:02.571000,1.13195,1.13179,2250000,2250000
2016-06-19 22:00:03.180000,1.13194,1.13179,750000,3000000
2016-06-19 22:00:04.619000,1.13201,1.13193,750000,750000
2016-06-19 22:00:04.670000,1.13204,1.13182,3750000,1500000
2016-06-19 22:00:04.772000,1.13204,1.13179,3750000,3000000
2016-06-19 22:00:04.823000,1.13204,1.13182,750000,750000
2016-06-19 22:00:04.874000,1.13206,1.13182,1500000,750000
2016-06-19 22:00:04.976000,1.13208,1.13183,750000,750000
2016-06-19 22:00:05.028000,1.13215,1.13183,2250000,1500000
2016-06-19 22:00:05.137000,1.13217,1.13183,1500000,1500000
2016-06-19 22:00:05.672000,1.13216,1.13183,750000,820000
2016-06-19 22:00:07.882000,1.13214,1.13183,750000,820000
2016-06-19 22:00:07.984000,1.13216,1.13183,1500000,820000
2016-06-19 22:00:08.493000,1.13215,1.13183,1500000,820000
2016-06-19 22:00:09.019000,1.13213,1.13183,750000,100000
2016-06-19 22:00:09.339000,1.13210,1.13187,1500000,190000
2016-06-19 22:00:10.121000,1.13207,1.13187,750000,190000
2016-06-19 22:00:10.178000,1.13209,1.13187,1500000,190000
2016-06-19 22:00:10.381000,1.13214,1.13204,750000,1500000
2016-06-19 22:00:10.606000,1.13214,1.13201,750000,750000
2016-06-19 22:00:10.707000,1.13214,1.13197,750000,1500000
2016-06-19 22:00:10.809000,1.13214,1.13193,1500000,750000
2016-06-19 22:00:11.012000,1.13214,1.13195,1500000,1500000
2016-06-19 22:00:12.068000,1.13204,1.13195,750000,750000
2016-06-19 22:00:12.373000,1.13203,1.13198,3000000,750000
2016-06-19 22:00:12.660000,1.13212,1.13195,750000,1500000
2016-06-19 22:00:13.229000,1.13211,1.13195,750000,1500000
2016-06-19 22:00:13.403000,1.13206,1.13197,750000,750000
2016-06-19 22:00:13.929000,1.13207,1.13196,750000,750000
2016-06-19 22:00:14.099000,1.13214,1.13196,2250000,750000
2016-06-19 22:00:14.782000,1.13215,1.13195,1500000,1500000
2016-06-19 22:00:15.187000,1.13215,1.13200,2250000,750000
2016-06-19 22:00:15.390000,1.13215,1.13195,1500000,1500000
2016-06-19 22:00:16.330000,1.13217,1.13195,1500000,1500000
2016-06-19 22:00:16.432000,1.13214,1.13195,750000,750000
2016-06-19 22:00:16.685000,1.13214,1.13190,750000,1500000
2016-06-19 22:00:16.736000,1.13211,1.13190,750000,750000
2016-06-19 22:00:17.057000,1.13196,1.13187,750000,750000
2016-06-19 22:00:17.990000,1.13197,1.13187,750000,750000
2016-06-19 22:00:21.714000,1.13192,1.13174,750000,750000
2016-06-19 22:00:22.848000,1.13192,1.13173,750000,750000
2016-06-19 22:00:29.997000,1.13192,1.13174,750000,750000
2016-06-19 22:00:30.606000,1.13192,1.13173,750000,3000000
2016-06-19 22:00:31.113000,1.13192,1.13174,750000,750000
2016-06-19 22:00:32.594000,1.13192,1.13173,750000,3000000
2016-06-19 22:00:32.898000,1.13192,1.13175,750000,1500000
2016-06-19 22:00:34.314000,1.13192,1.13174,750000,1500000
2016-06-19 22:00:34.821000,1.13192,1.13175,750000,1500000
2016-06-19 22:00:38.398000,1.13192,1.13174,750000,820000
2016-06-19 22:00:40.167000,1.13192,1.13175,750000,750000
2016-06-19 22:00:40.701000,1.13192,1.13174,750000,1500000
2016-06-19 22:00:41.480000,1.13202,1.13184,2250000,750000
2016-06-19 22:00:42.666000,1.13202,1.13183,3000000,750000
2016-06-19 22:00:44.187000,1.13202,1.13184,3000000,750000
2016-06-19 22:00:44.709000,1.13202,1.13185,3000000,750000
2016-06-19 22:00:45.572000,1.13202,1.13192,2250000,4500000
2016-06-19 22:00:46.078000,1.13202,1.13191,1500000,750000
2016-06-19 22:00:46.876000,1.13202,1.13192,1500000,150000
2016-06-19 22:00:47.265000,1.13202,1.13194,1500000,450000
2016-06-19 22:00:48.059000,1.13202,1.13187,1500000,750000
2016-06-19 22:00:48.592000,1.13202,1.13186,1500000,750000
2016-06-19 22:00:50.058000,1.13202,1.13185,1500000,1500000
2016-06-19 22:00:50.675000,1.13202,1.13186,2250000,750000
2016-06-19 22:00:51.183000,1.13202,1.13187,1500000,750000
2016-06-19 22:00:53.264000,1.13192,1.13184,750000,4500000
2016-06-19 22:00:54.998000,1.13199,1.13184,370000,1500000
2016-06-19 22:00:55.512000,1.13199,1.13183,370000,750000
2016-06-19 22:00:55.817000,1.13199,1.13181,370000,750000
2016-06-19 22:00:56.341000,1.13199,1.13180,370000,2250000
2016-06-19 22:00:57.676000,1.13201,1.13180,370000,1500000
2016-06-19 22:00:58.074000,1.13189,1.13180,750000,1500000
2016-06-19 22:00:58.391000,1.13201,1.13180,370000,1500000
2016-06-19 22:00:59.396000,1.13201,1.13181,370000,750000
2016-06-19 22:00:59.902000,1.13201,1.13180,370000,750000
2016-06-19 22:01:00.198000,1.13188,1.13179,1200000,750000
2016-06-19 22:01:00.806000,1.13188,1.13178,1870000,1500000
2016-06-19 22:01:01.128000,1.13184,1.13178,3000000,750000
2016-06-19 22:01:01.641000,1.13185,1.13178,3000000,750000
2016-06-19 22:01:02.147000,1.13184,1.13178,2250000,750000
2016-06-19 22:01:04.988000,1.13185,1.13178,2250000,750000
2016-06-19 22:01:05.494000,1.13184,1.13178,3000000,750000
2016-06-19 22:01:06.311000,1.13184,1.13172,3000000,1570000
2016-06-19 22:01:06.427000,1.13185,1.13179,2250000,750000
2016-06-19 22:01:07.035000,1.13184,1.13179,3000000,750000
2016-06-19 22:01:07.814000,1.13184,1.13180,3000000,750000
2016-06-19 22:01:08.725000,1.13184,1.13179,3000000,750000
2016-06-19 22:01:08.827000,1.13188,1.13179,1950000,750000
2016-06-19 22:01:10.018000,1.13191,1.13180,750000,750000
2016-06-19 22:01:10.719000,1.13190,1.13180,750000,750000
2016-06-19 22:01:12.122000,1.13190,1.13179,750000,750000
2016-06-19 22:01:12.665000,1.13190,1.13180,750000,750000
2016-06-19 22:01:18.421000,1.13190,1.13172,750000,750000
2016-06-19 22:01:18.524000,1.13190,1.13179,750000,190000
2016-06-19 22:01:18.753000,1.13203,1.13187,1200000,750000
2016-06-19 22:01:25.042000,1.13204,1.13188,1500000,750000
2016-06-19 22:01:30.473000,1.13204,1.13181,1500000,1500000
2016-06-19 22:01:31.369000,1.13191,1.13181,750000,750000
2016-06-19 22:01:31.470000,1.13189,1.13177,3000000,750000
2016-06-19 22:01:32,1.13189,1.13176,3000000,750000
2016-06-19 22:01:33.663000,1.13189,1.13175,3000000,1500000
2016-06-19 22:01:34.256000,1.13193,1.13175,1950000,750000
2016-06-19 22:01:34.459000,1.13193,1.13177,1950000,750000
2016-06-19 22:01:35.352000,1.13193,1.13176,1950000,750000
2016-06-19 22:01:35.403000,1.13195,1.13176,1500000,750000
2016-06-19 22:01:35.505000,1.13193,1.13177,1200000,750000
2016-06-19 22:01:35.556000,1.13193,1.13175,1200000,750000
2016-06-19 22:01:37.265000,1.13193,1.13176,750000,750000
2016-06-19 22:01:42.040000,1.13193,1.13174,750000,3000000
2016-06-19 22:01:42.547000,1.13193,1.13173,750000,750000
2016-06-19 22:01:44.235000,1.13193,1.13174,750000,750000
2016-06-19 22:01:48.140000,1.13193,1.13173,750000,1500000
2016-06-19 22:01:48.673000,1.13193,1.13174,750000,750000
2016-06-19 22:01:49.944000,1.13193,1.13173,1200000,2250000
2016-06-19 22:01:50.641000,1.13193,1.13174,1200000,750000
2016-06-19 22:01:51.250000,1.13193,1.13172,1200000,2250000
2016-06-19 22:01:51.351000,1.13193,1.13170,1870000,3000000
2016-06-19 22:01:51.859000,1.13193,1.13173,1870000,750000
2016-06-19 22:01:52.376000,1.13193,1.13174,1200000,750000
2016-06-19 22:01:57.252000,1.13193,1.13173,1200000,750000
2016-06-19 22:01:57.577000,1.13193,1.13183,1200000,750000
2016-06-19 22:01:57.679000,1.13193,1.13180,1200000,1500000
2016-06-19 22:01:57.781000,1.13193,1.13184,1200000,750000
2016-06-19 22:01:57.883000,1.13193,1.13181,1200000,1500000
2016-06-19 22:01:58.149000,1.13193,1.13184,1200000,750000
2016-06-19 22:02:00.175000,1.13193,1.13183,1200000,750000
2016-06-19 22:02:01.678000,1.13193,1.13182,1200000,1500000
2016-06-19 22:02:12.971000,1.13193,1.13183,1200000,750000
2016-06-19 22:02:14.084000,1.13193,1.13185,1200000,750000
2016-06-19 22:02:14.135000,1.13202,1.13185,2250000,750000
2016-06-19 22:02:14.657000,1.13202,1.13184,750000,1500000
2016-06-19 22:02:17.111000,1.13202,1.13185,750000,750000
2016-06-19 22:02:17.530000,1.13202,1.13183,750000,1500000
2016-06-19 22:02:17.836000,1.13202,1.13181,750000,750000
2016-06-19 22:02:18.342000,1.13201,1.13181,750000,750000
2016-06-19 22:02:19.253000,1.13203,1.13181,820000,750000
2016-06-19 22:02:19.355000,1.13201,1.13180,750000,750000
2016-06-19 22:02:20.522000,1.13201,1.13177,2250000,1500000
2016-06-19 22:02:20.979000,1.13199,1.13177,1500000,750000
2016-06-19 22:02:21.394000,1.13201,1.13177,2320000,1500000
2016-06-19 22:02:23.861000,1.13201,1.13178,1500000,1120000
2016-06-19 22:02:24.377000,1.13201,1.13179,750000,1500000
2016-06-19 22:02:25.678000,1.13198,1.13179,1500000,1500000
2016-06-19 22:02:25.983000,1.13195,1.13177,750000,750000
2016-06-19 22:02:26.886000,1.13199,1.13177,3820000,750000
2016-06-19 22:02:28.496000,1.13198,1.13177,450000,750000
2016-06-19 22:02:29.605000,1.13199,1.13177,3070000,750000
2016-06-19 22:02:29.966000,1.13196,1.13175,750000,750000
2016-06-19 22:02:30.068000,1.13196,1.13173,750000,1200000
2016-06-19 22:02:30.597000,1.13197,1.13175,750000,750000
2016-06-19 22:02:36.745000,1.13198,1.13175,1500000,1120000
2016-06-19 22:02:44.528000,1.13198,1.13174,1500000,1870000
2016-06-19 22:02:47.485000,1.13198,1.13175,1500000,370000
2016-06-19 22:02:48.486000,1.13198,1.13174,1500000,1870000
2016-06-19 22:02:54.613000,1.13185,1.13173,750000,370000
2016-06-19 22:02:54.765000,1.13183,1.13170,750000,190000
2016-06-19 22:02:55.461000,1.13184,1.13170,3000000,190000
2016-06-19 22:02:56.099000,1.13183,1.13170,750000,190000
2016-06-19 22:03:01.991000,1.13183,1.13171,750000,750000
2016-06-19 22:03:03.530000,1.13184,1.13174,2250000,1500000
2016-06-19 22:03:03.581000,1.13188,1.13174,1120000,1500000
2016-06-19 22:03:07.616000,1.13188,1.13175,1120000,750000
2016-06-19 22:03:08.124000,1.13188,1.13176,1120000,750000
2016-06-19 22:03:09.301000,1.13188,1.13175,1120000,2250000
2016-06-19 22:03:09.402000,1.13190,1.13174,2650000,1500000
2016-06-19 22:03:09.454000,1.13190,1.13172,1150000,750000
2016-06-19 22:03:09.505000,1.13188,1.13172,1120000,750000
2016-06-19 22:03:09.555000,1.13188,1.13178,1120000,750000
2016-06-19 22:03:09.820000,1.13188,1.13175,1120000,750000
2016-06-19 22:03:13.961000,1.13182,1.13171,750000,1500000
2016-06-19 22:03:14.063000,1.13188,1.13171,1870000,1500000
2016-06-19 22:03:14.266000,1.13188,1.13175,1120000,750000
2016-06-19 22:03:16.193000,1.13186,1.13175,750000,750000
2016-06-19 22:03:16.447000,1.13187,1.13173,1500000,750000
2016-06-19 22:03:16.852000,1.13187,1.13182,1500000,1500000
2016-06-19 22:03:17.035000,1.13195,1.13187,750000,2250000
2016-06-19 22:03:17.238000,1.13188,1.13185,450000,750000
2016-06-19 22:03:17.289000,1.13188,1.13179,450000,1500000
2016-06-19 22:03:17.442000,1.13190,1.13176,750000,2250000
2016-06-19 22:03:17.595000,1.13192,1.13176,750000,4500000
2016-06-19 22:03:17.748000,1.13191,1.13179,750000,1500000
2016-06-19 22:03:17.799000,1.13195,1.13179,2250000,1500000
2016-06-19 22:03:19.451000,1.13195,1.13180,1500000,1500000
2016-06-19 22:03:19.654000,1.13197,1.13180,1500000,3750000
2016-06-19 22:03:20.181000,1.13197,1.13181,1500000,1500000
2016-06-19 22:03:20.579000,1.13195,1.13180,750000,2250000
2016-06-19 22:03:21.337000,1.13196,1.13180,1500000,1500000
2016-06-19 22:03:21.641000,1.13193,1.13177,750000,1500000
2016-06-19 22:03:21.821000,1.13192,1.13175,1500000,2250000
2016-06-19 22:03:23.631000,1.13191,1.13175,750000,2250000
2016-06-19 22:03:23.749000,1.13190,1.13173,2250000,2250000
2016-06-19 22:03:24.183000,1.13188,1.13173,750000,750000
2016-06-19 22:03:24.691000,1.13188,1.13171,1500000,2250000
2016-06-19 22:03:29.798000,1.13186,1.13171,750000,1500000
2016-06-19 22:03:32.360000,1.13188,1.13171,750000,1500000
2016-06-19 22:03:37.366000,1.13188,1.13182,750000,1120000
2016-06-19 22:03:37.698000,1.13193,1.13189,450000,750000
2016-06-19 22:03:39.541000,1.13193,1.13188,450000,3000000
2016-06-19 22:03:39.846000,1.13190,1.13188,140000,1500000
2016-06-19 22:03:39.948000,1.13192,1.13179,780000,750000
2016-06-19 22:03:40.355000,1.13189,1.13183,1500000,750000
2016-06-19 22:03:40.691000,1.13190,1.13188,140000,1500000
2016-06-19 22:03:41.949000,1.13190,1.13183,140000,750000
2016-06-19 22:03:42.051000,1.13189,1.13176,750000,1500000
2016-06-19 22:03:42.227000,1.13188,1.13171,750000,2250000
2016-06-19 22:03:42.584000,1.13186,1.13171,750000,2250000
2016-06-19 22:03:42.686000,1.13189,1.13172,1500000,1500000
2016-06-19 22:03:42.839000,1.13187,1.13172,750000,750000
2016-06-19 22:03:43.346000,1.13187,1.13171,750000,1500000
2016-06-19 22:03:43.448000,1.13189,1.13172,1530000,1500000
2016-06-19 22:03:47.966000,1.13180,1.13172,150000,1500000
2016-06-19 22:03:48.090000,1.13185,1.13170,750000,1500000
2016-06-19 22:03:48.192000,1.13187,1.13171,1500000,750000
2016-06-19 22:03:48.447000,1.13185,1.13171,750000,750000
2016-06-19 22:03:48.600000,1.13187,1.13171,1500000,750000
2016-06-19 22:03:49.319000,1.13188,1.13171,1950000,750000
2016-06-19 22:03:54.071000,1.13188,1.13179,1200000,750000
2016-06-19 22:03:54.375000,1.13199,1.13187,750000,750000
2016-06-19 22:03:54.426000,1.13198,1.13185,750000,750000
2016-06-19 22:03:54.478000,1.13198,1.13181,2250000,1500000
2016-06-19 22:03:54.883000,1.13196,1.13180,750000,750000
2016-06-19 22:03:57.263000,1.13195,1.13180,750000,750000
2016-06-19 22:03:57.568000,1.13200,1.13186,1500000,750000
2016-06-19 22:03:57.620000,1.13200,1.13183,2250000,1500000
2016-06-19 22:03:58.025000,1.13200,1.13185,2250000,750000
2016-06-19 22:03:58.228000,1.13200,1.13183,2250000,1500000
2016-06-19 22:03:59.034000,1.13196,1.13183,1500000,750000
2016-06-19 22:03:59.085000,1.13194,1.13180,3000000,3000000
2016-06-19 22:03:59.187000,1.13198,1.13181,1500000,3750000
2016-06-19 22:03:59.694000,1.13199,1.13182,1950000,1500000
2016-06-19 22:04:03.475000,1.13198,1.13182,1000000,1500000
2016-06-19 22:04:03.628000,1.13197,1.13179,1000000,3000000
2016-06-19 22:04:04.138000,1.13196,1.13179,1500000,3000000
2016-06-19 22:04:12.300000,1.13194,1.13179,1500000,1000000
2016-06-19 22:04:12.626000,1.13193,1.13176,1640000,1500000
2016-06-19 22:04:13.653000,1.13193,1.13183,1640000,1000000
2016-06-19 22:04:13.931000,1.13208,1.13200,1000000,1690000
2016-06-19 22:04:14.794000,1.13207,1.13200,1000000,1690000
2016-06-19 22:04:14.845000,1.13207,1.13193,1000000,1500000
2016-06-19 22:04:14.897000,1.13204,1.13193,1000000,1000000
2016-06-19 22:04:14.948000,1.13204,1.13189,1000000,1500000
2016-06-19 22:04:15.049000,1.13204,1.13187,2250000,1500000
2016-06-19 22:04:15.556000,1.13203,1.13186,2250000,1500000
2016-06-19 22:04:16.074000,1.13202,1.13185,1000000,1500000
2016-06-19 22:04:18.098000,1.13200,1.13185,1500000,1000000
2016-06-19 22:04:18.149000,1.13200,1.13183,2250000,1000000
2016-06-19 22:04:18.671000,1.13199,1.13182,1000000,1000000
2016-06-19 22:04:28.575000,1.13196,1.13182,1000000,1000000
2016-06-19 22:04:28.881000,1.13194,1.13177,1640000,1500000
2016-06-19 22:04:34.493000,1.13193,1.13176,1640000,1500000
2016-06-19 22:04:37.404000,1.13193,1.13181,1140000,1000000
2016-06-19 22:04:37.607000,1.13193,1.13176,1640000,1500000
2016-06-19 22:04:39.892000,1.13190,1.13175,1180000,1500000
2016-06-19 22:04:39.994000,1.13190,1.13173,2250000,1650000
2016-06-19 22:04:40.505000,1.13191,1.13174,1000000,1200000
2016-06-19 22:04:40.675000,1.13191,1.13179,1000000,1000000
2016-06-19 22:04:40.981000,1.13194,1.13188,2250000,1500000
2016-06-19 22:04:41.032000,1.13192,1.13183,1000000,1500000
2016-06-19 22:04:41.170000,1.13195,1.13179,1500000,1500000
2016-06-19 22:04:41.222000,1.13193,1.13176,1500000,2250000
2016-06-19 22:04:45.039000,1.13192,1.13177,1000000,1000000
2016-06-19 22:04:45.253000,1.13195,1.13178,1500000,1000000
2016-06-19 22:04:54.224000,1.13195,1.13191,1000000,1000000
2016-06-19 22:04:54.432000,1.13206,1.13196,1000000,1000000
2016-06-19 22:04:54.483000,1.13205,1.13200,1000000,1250000
2016-06-19 22:04:54.996000,1.13204,1.13198,1000000,190000
2016-06-19 22:04:55.210000,1.13203,1.13189,1000000,1500000
2016-06-19 22:04:55.363000,1.13202,1.13185,1000000,1500000
2016-06-19 22:05:00.534000,1.13199,1.13185,1000000,1500000
2016-06-19 22:05:00.767000,1.13199,1.13183,1000000,1500000
2016-06-19 22:05:04.275000,1.13199,1.13184,1000000,1000000
2016-06-19 22:05:04.645000,1.13202,1.13185,2250000,1500000
2016-06-19 22:05:04.949000,1.13200,1.13183,1500000,1500000
2016-06-19 22:05:11.169000,1.13199,1.13182,2700000,1500000
2016-06-19 22:05:11.687000,1.13198,1.13181,1950000,1500000
2016-06-19 22:05:13.762000,1.13196,1.13180,1000000,1000000
2016-06-19 22:05:14.272000,1.13196,1.13179,1000000,1000000
2016-06-19 22:05:22.170000,1.13194,1.13177,1500000,1870000
2016-06-19 22:05:22.658000,1.13190,1.13176,1000000,1000000
2016-06-19 22:05:22.709000,1.13190,1.13174,1000000,1500000
2016-06-19 22:05:22.760000,1.13187,1.13174,2250000,1000000
2016-06-19 22:05:22.811000,1.13187,1.13171,3000000,1150000
2016-06-19 22:05:23.165000,1.13186,1.13171,1500000,1350000
2016-06-19 22:05:23.862000,1.13186,1.13171,1500000,1150000
2016-06-19 22:05:24.389000,1.13185,1.13170,1500000,2470000
2016-06-19 22:05:24.912000,1.13185,1.13170,1500000,2550000
2016-06-19 22:05:28.169000,1.13184,1.13170,1500000,2700000
2016-06-19 22:05:28.679000,1.13185,1.13169,1500000,1950000
2016-06-19 22:05:32.769000,1.13185,1.13169,1500000,1650000
2016-06-19 22:05:32.871000,1.13185,1.13169,1500000,3070000
2016-06-19 22:05:33.163000,1.13185,1.13170,1500000,1200000
2016-06-19 22:05:33.804000,1.13184,1.13169,1500000,2400000
2016-06-19 22:05:34.257000,1.13184,1.13169,1500000,3450000
2016-06-19 22:05:36.102000,1.13184,1.13171,1500000,1500000
2016-06-19 22:05:36.610000,1.13185,1.13171,1500000,1500000
2016-06-19 22:05:36.961000,1.13185,1.13171,1500000,1200000
2016-06-19 22:05:40.268000,1.13185,1.13175,1500000,1350000
2016-06-19 22:05:40.392000,1.13190,1.13178,1500000,1200000
2016-06-19 22:05:40.494000,1.13192,1.13176,1500000,1950000
2016-06-19 22:05:41.002000,1.13193,1.13178,3000000,1120000
2016-06-19 22:05:43.505000,1.13195,1.13178,3000000,1500000
2016-06-19 22:05:44.029000,1.13194,1.13178,1500000,1950000
2016-06-19 22:05:45.920000,1.13195,1.13178,4500000,1950000
2016-06-19 22:05:46.468000,1.13194,1.13178,1500000,1950000
2016-06-19 22:05:48.500000,1.13195,1.13178,3750000,1500000
2016-06-19 22:05:51.922000,1.13194,1.13178,1500000,1950000
2016-06-19 22:05:53.625000,1.13195,1.13178,2250000,1500000
2016-06-19 22:05:54.222000,1.13194,1.13178,1500000,1950000
2016-06-19 22:05:54.818000,1.13195,1.13178,3750000,2620000
2016-06-19 22:05:55.378000,1.13194,1.13178,1500000,2620000
2016-06-19 22:05:55.532000,1.13191,1.13178,1500000,2620000
2016-06-19 22:05:55.652000,1.13193,1.13178,1500000,1120000
2016-06-19 22:05:55.754000,1.13195,1.13178,3750000,2620000
2016-06-19 22:05:57.239000,1.13194,1.13178,1500000,1950000
2016-06-19 22:05:58.421000,1.13195,1.13178,3750000,2620000
2016-06-19 22:06:06.252000,1.13194,1.13178,1500000,2620000
2016-06-19 22:06:06.841000,1.13195,1.13178,3750000,2620000
2016-06-19 22:06:09.014000,1.13193,1.13178,1000000,2620000
2016-06-19 22:06:09.319000,1.13189,1.13178,1690000,2620000
2016-06-19 22:06:09.859000,1.13186,1.13178,1190000,1120000
2016-06-19 22:06:15.064000,1.13187,1.13178,1250000,1120000
2016-06-19 22:06:18.114000,1.13188,1.13178,1000000,1120000
2016-06-19 22:06:18.166000,1.13190,1.13178,1000000,1120000
2016-06-19 22:06:18.247000,1.13192,1.13178,2250000,1120000
2016-06-19 22:06:20.784000,1.13191,1.13178,1500000,1120000
2016-06-19 22:06:21.290000,1.13192,1.13178,1500000,1120000
2016-06-19 22:06:32.454000,1.13192,1.13179,1500000,1000000
2016-06-19 22:06:32.505000,1.13194,1.13180,2250000,1000000
2016-06-19 22:06:32.607000,1.13194,1.13178,2250000,2620000
2016-06-19 22:06:33.113000,1.13193,1.13178,1500000,2620000
2016-06-19 22:06:36.001000,1.13194,1.13178,1000000,5250000
2016-06-19 22:06:36.513000,1.13195,1.13178,3750000,5250000
2016-06-19 22:06:39.192000,1.13195,1.13179,4500000,1000000
2016-06-19 22:06:54.456000,1.13195,1.13178,6000000,3370000
2016-06-19 22:07:01.128000,1.13195,1.13179,2250000,1000000
2016-06-19 22:07:02.623000,1.13195,1.13181,3750000,1000000
2016-06-19 22:07:02.725000,1.13194,1.13179,1000000,1000000
2016-06-19 22:07:02.776000,1.13194,1.13177,1500000,3370000
2016-06-19 22:07:04.557000,1.13194,1.13178,2250000,2620000
2016-06-19 22:07:04.609000,1.13194,1.13181,1500000,1000000
2016-06-19 22:07:06.321000,1.13194,1.13180,2250000,1500000
2016-06-19 22:07:06.827000,1.13194,1.13181,1500000,1000000
2016-06-19 22:07:07.534000,1.13194,1.13180,1500000,1500000
2016-06-19 22:07:08.357000,1.13194,1.13181,1500000,1000000
2016-06-19 22:07:09.913000,1.13194,1.13180,1500000,1000000
2016-06-19 22:07:10.419000,1.13194,1.13181,1500000,1000000
2016-06-19 22:07:11.014000,1.13194,1.13180,1500000,1500000
2016-06-19 22:07:11.556000,1.13194,1.13181,1500000,1000000
2016-06-19 22:07:13.172000,1.13194,1.13180,1500000,1500000
2016-06-19 22:07:13.587000,1.13187,1.13181,750000,1000000
2016-06-19 22:07:13.688000,1.13186,1.13179,750000,1000000
2016-06-19 22:07:14.044000,1.13182,1.13176,750000,1120000
2016-06-19 22:07:14.096000,1.13179,1.13173,750000,2700000
2016-06-19 22:07:15.203000,1.13176,1.13169,750000,1950000
2016-06-19 22:07:17.575000,1.13176,1.13169,1000000,1950000
2016-06-19 22:07:18.322000,1.13176,1.13169,750000,1950000
2016-06-19 22:07:18.375000,1.13184,1.13169,1000000,1950000
2016-06-19 22:07:18.578000,1.13183,1.13166,3000000,2100000
2016-06-19 22:07:19.289000,1.13182,1.13168,1500000,1120000
2016-06-19 22:07:21.760000,1.13180,1.13168,1500000,1120000
2016-06-19 22:07:22.100000,1.13174,1.13168,1000000,1120000
2016-06-19 22:07:23.166000,1.13174,1.13165,1000000,2250000
2016-06-19 22:07:23.268000,1.13173,1.13166,1000000,2100000
2016-06-19 22:07:24.682000,1.13172,1.13165,1000000,2700000
2016-06-19 22:07:25.492000,1.13173,1.13169,1000000,2250000
2016-06-19 22:07:25.695000,1.13173,1.13169,1000000,1500000
2016-06-19 22:07:26.023000,1.13173,1.13165,1000000,1000000
2016-06-19 22:07:26.074000,1.13173,1.13167,1000000,1120000
2016-06-19 22:07:26.581000,1.13173,1.13168,1000000,1120000
2016-06-19 22:07:27.106000,1.13174,1.13168,1000000,1120000
2016-06-19 22:07:29.713000,1.13173,1.13168,1000000,1120000
2016-06-19 22:07:31.333000,1.13174,1.13168,1000000,1120000
2016-06-19 22:07:31.384000,1.13174,1.13164,1000000,1500000
2016-06-19 22:07:31.486000,1.13174,1.13168,1000000,1120000
2016-06-19 22:07:32.008000,1.13174,1.13167,1000000,1120000
2016-06-19 22:07:32.334000,1.13173,1.13165,1000000,1000000
2016-06-19 22:07:32.386000,1.13173,1.13167,1000000,1000000
2016-06-19 22:07:32.539000,1.13178,1.13168,1000000,1000000
2016-06-19 22:07:32.641000,1.13171,1.13168,750000,1000000
2016-06-19 22:07:32.793000,1.13166,1.13160,1000000,1500000
2016-06-19 22:07:32.895000,1.13177,1.13162,1500000,1000000
2016-06-19 22:07:32.997000,1.13180,1.13163,3000000,1500000
2016-06-19 22:07:33.098000,1.13176,1.13163,1500000,1950000
2016-06-19 22:07:33.403000,1.13169,1.13163,1500000,1450000
2016-06-19 22:07:33.505000,1.13177,1.13171,1000000,1500000
2016-06-19 22:07:33.607000,1.13177,1.13166,1000000,1500000
2016-06-19 22:07:33.817000,1.13175,1.13162,1500000,1000000
2016-06-19 22:07:33.919000,1.13174,1.13168,1500000,1120000
2016-06-19 22:07:34.021000,1.13178,1.13168,1000000,1120000
2016-06-19 22:07:34.528000,1.13177,1.13166,1000000,1500000
2016-06-19 22:07:34.580000,1.13177,1.13166,1000000,1450000
2016-06-19 22:07:34.632000,1.13180,1.13165,1500000,1950000
2016-06-19 22:07:34.684000,1.13181,1.13167,2250000,1870000
2016-06-19 22:07:35.195000,1.13180,1.13167,1500000,1870000
2016-06-19 22:07:35.438000,1.13178,1.13168,1000000,1870000
2016-06-19 22:07:36.817000,1.13178,1.13167,1000000,1120000
2016-06-19 22:07:37.599000,1.13180,1.13167,3750000,1870000
2016-06-19 22:07:37.701000,1.13172,1.13164,1000000,2250000
2016-06-19 22:07:37.905000,1.13173,1.13157,2250000,2700000
2016-06-19 22:07:38.007000,1.13163,1.13158,1000000,1950000
2016-06-19 22:07:38.109000,1.13161,1.13159,1000000,1500000
2016-06-19 22:07:38.211000,1.13152,1.13149,1000000,1000000
2016-06-19 22:07:38.267000,1.13149,1.13146,1000000,1000000
2016-06-19 22:07:38.319000,1.13149,1.13141,1690000,1000000
2016-06-19 22:07:38.421000,1.13145,1.13143,1690000,3000000
2016-06-19 22:07:38.574000,1.13152,1.13150,1000000,1000000
2016-06-19 22:07:38.625000,1.13154,1.13148,1000000,1000000
2016-06-19 22:07:38.744000,1.13156,1.13149,1500000,1000000
2016-06-19 22:07:38.796000,1.13156,1.13148,1500000,1300000
2016-06-19 22:07:39.101000,1.13155,1.13150,2250000,1300000
2016-06-19 22:07:39.203000,1.13154,1.13149,1500000,1120000
2016-06-19 22:07:39.508000,1.13154,1.13146,1000000,1000000
2016-06-19 22:07:39.559000,1.13153,1.13142,1500000,3000000
2016-06-19 22:07:40.235000,1.13152,1.13142,1000000,2250000
2016-06-19 22:07:40.286000,1.13152,1.13142,1000000,1000000
2016-06-19 22:07:40.337000,1.13150,1.13141,1000000,1000000
2016-06-19 22:07:40.540000,1.13150,1.13137,2250000,1000000
2016-06-19 22:07:40.794000,1.13149,1.13139,1000000,1000000
2016-06-19 22:07:41.098000,1.13147,1.13137,1000000,1000000
2016-06-19 22:07:41.610000,1.13147,1.13137,1690000,1000000
