time,ask,bid,ask_volume,bid_volume
2016-08-28 21:00:04.755000,1.11840,1.11752,370000,370000
2016-08-28 21:00:25.686000,1.11839,1.11769,370000,370000
2016-08-28 21:00:25.736000,1.11839,1.11769,750000,750000
2016-08-28 21:00:28.286000,1.11839,1.11770,370000,370000
2016-08-28 21:00:28.337000,1.11852,1.11770,750000,750000
2016-08-28 21:00:34.885000,1.11847,1.11775,750000,750000
2016-08-28 21:00:39.672000,1.11846,1.11786,750000,750000
2016-08-28 21:00:40.101000,1.11846,1.11789,750000,370000
2016-08-28 21:00:40.152000,1.11846,1.11796,750000,750000
2016-08-28 21:00:40.253000,1.11846,1.11786,750000,750000
2016-08-28 21:00:40.366000,1.11846,1.11792,750000,750000
2016-08-28 21:00:43.841000,1.11850,1.11832,750000,750000
2016-08-28 21:00:45.343000,1.11852,1.11817,750000,750000
2016-08-28 21:00:45.455000,1.11850,1.11812,750000,750000
2016-08-28 21:00:47.045000,1.11852,1.11814,750000,750000
2016-08-28 21:00:48.647000,1.11853,1.11809,750000,750000
2016-08-28 21:00:52.550000,1.11850,1.11806,750000,750000
2016-08-28 21:00:52.852000,1.11855,1.11837,750000,750000
2016-08-28 21:00:53.651000,1.11854,1.11836,750000,750000
2016-08-28 21:01:00.458000,1.11846,1.11822,750000,750000
2016-08-28 21:01:00.582000,1.11847,1.11803,750000,750000
2016-08-28 21:01:00.683000,1.11845,1.11801,750000,750000
2016-08-28 21:01:01.218000,1.11844,1.11800,750000,750000
2016-08-28 21:01:02.260000,1.11846,1.11802,750000,750000
2016-08-28 21:01:02.861000,1.11847,1.11803,750000,750000
2016-08-28 21:01:03.690000,1.11849,1.11805,750000,750000
2016-08-28 21:01:04.563000,1.11850,1.11806,750000,750000
2016-08-28 21:01:09.292000,1.11851,1.11807,750000,750000
2016-08-28 21:01:11.082000,1.11852,1.11816,750000,750000
2016-08-28 21:01:11.981000,1.11853,1.11817,750000,750000
2016-08-28 21:01:32.500000,1.11852,1.11812,750000,750000
2016-08-28 21:01:32.601000,1.11852,1.11810,750000,750000
2016-08-28 21:01:32.651000,1.11852,1.11808,750000,750000
2016-08-28 21:01:39.496000,1.11854,1.11814,750000,750000
2016-08-28 21:01:40.047000,1.11854,1.11813,750000,750000
2016-08-28 21:01:41.356000,1.11854,1.11813,1500000,750000
2016-08-28 21:01:44.293000,1.11854,1.11813,750000,750000
2016-08-28 21:01:44.559000,1.11863,1.11815,750000,750000
2016-08-28 21:01:46.402000,1.11857,1.11813,750000,750000
2016-08-28 21:01:47.104000,1.11856,1.11812,750000,750000
2016-08-28 21:01:47.447000,1.11859,1.11813,750000,750000
2016-08-28 21:01:47.721000,1.11856,1.11810,750000,750000
2016-08-28 21:01:49.337000,1.11859,1.11812,750000,750000
2016-08-28 21:01:49.608000,1.11856,1.11810,750000,750000
2016-08-28 21:01:51.409000,1.11859,1.11812,750000,750000
2016-08-28 21:01:51.710000,1.11855,1.11811,750000,750000
2016-08-28 21:01:52.448000,1.11854,1.11808,1500000,750000
2016-08-28 21:01:53.306000,1.11854,1.11808,2250000,750000
2016-08-28 21:02:02.622000,1.11854,1.11816,1500000,750000
2016-08-28 21:02:26.447000,1.11854,1.11817,1500000,750000
2016-08-28 21:02:34.285000,1.11854,1.11821,1500000,750000
2016-08-28 21:02:35.390000,1.11849,1.11821,750000,750000
2016-08-28 21:02:38.993000,1.11849,1.11820,750000,750000
2016-08-28 21:02:39.094000,1.11859,1.11820,750000,750000
2016-08-28 21:02:53.106000,1.11859,1.11819,750000,750000
2016-08-28 21:02:53.667000,1.11859,1.11820,750000,750000
2016-08-28 21:02:59.972000,1.11859,1.11818,750000,750000
2016-08-28 21:03:39.107000,1.11859,1.11821,750000,750000
2016-08-28 21:03:42.520000,1.11859,1.11820,750000,750000
2016-08-28 21:04:03.528000,1.11859,1.11820,1000000,1000000
2016-08-28 21:04:09.569000,1.11859,1.11820,1250000,1000000
2016-08-28 21:04:12.229000,1.11860,1.11820,1190000,1000000
2016-08-28 21:04:23.882000,1.11860,1.11822,1190000,1000000
2016-08-28 21:04:23.983000,1.11859,1.11822,1250000,1000000
2016-08-28 21:04:31.352000,1.11859,1.11827,1250000,1000000
2016-08-28 21:05:01.901000,1.11859,1.11826,1250000,1500000
2016-08-28 21:05:03.763000,1.11859,1.11827,1250000,1000000
2016-08-28 21:05:03.814000,1.11859,1.11827,1250000,1500000
2016-08-28 21:05:10.772000,1.11859,1.11830,1250000,1870000
2016-08-28 21:05:10.823000,1.11859,1.11830,1250000,2250000
2016-08-28 21:05:10.874000,1.11859,1.11833,1250000,1000000
2016-08-28 21:05:21.155000,1.11861,1.11839,1690000,1000000
2016-08-28 21:05:21.206000,1.11859,1.11839,1190000,1000000
2016-08-28 21:05:21.546000,1.11856,1.11837,1190000,1000000
2016-08-28 21:05:22.450000,1.11856,1.11833,1190000,1000000
2016-08-28 21:05:22.948000,1.11856,1.11843,1190000,1000000
2016-08-28 21:05:23.249000,1.11857,1.11843,1500000,750000
2016-08-28 21:05:23.350000,1.11859,1.11844,1250000,1000000
2016-08-28 21:05:23.452000,1.11859,1.11844,1250000,750000
2016-08-28 21:05:23.553000,1.11859,1.11844,1250000,1000000
2016-08-28 21:05:24.180000,1.11860,1.11844,1690000,1000000
2016-08-28 21:05:24.651000,1.11860,1.11842,1690000,750000
2016-08-28 21:05:24.753000,1.11856,1.11838,1190000,1000000
2016-08-28 21:05:24.906000,1.11856,1.11839,1000000,1000000
2016-08-28 21:05:25.059000,1.11857,1.11840,1500000,1000000
2016-08-28 21:05:25.261000,1.11860,1.11841,1690000,1000000
2016-08-28 21:05:26.551000,1.11863,1.11841,1690000,1000000
2016-08-28 21:05:30.960000,1.11863,1.11834,1690000,1500000
2016-08-28 21:05:31.288000,1.11863,1.11841,1690000,1000000
2016-08-28 21:05:38.963000,1.11862,1.11841,1690000,1000000
2016-08-28 21:05:39.013000,1.11859,1.11841,1190000,1000000
2016-08-28 21:05:39.064000,1.11857,1.11832,2440000,1750000
2016-08-28 21:05:39.115000,1.11857,1.11833,2440000,1000000
2016-08-28 21:05:39.508000,1.11857,1.11838,2440000,1000000
2016-08-28 21:05:40.678000,1.11857,1.11839,2440000,1000000
2016-08-28 21:05:40.780000,1.11858,1.11839,1690000,1000000
2016-08-28 21:05:45.602000,1.11858,1.11838,1690000,1000000
2016-08-28 21:05:46.489000,1.11857,1.11838,1690000,1000000
2016-08-28 21:05:48.325000,1.11853,1.11838,1000000,1000000
2016-08-28 21:05:48.377000,1.11852,1.11838,1690000,1000000
2016-08-28 21:05:48.427000,1.11851,1.11838,1190000,1000000
2016-08-28 21:05:48.478000,1.11850,1.11836,1190000,1000000
2016-08-28 21:05:48.580000,1.11847,1.11836,1190000,1000000
2016-08-28 21:05:49.096000,1.11847,1.11835,1190000,1000000
2016-08-28 21:05:49.147000,1.11847,1.11835,1000000,1000000
2016-08-28 21:05:49.198000,1.11847,1.11835,1500000,1000000
2016-08-28 21:05:49.317000,1.11849,1.11836,1250000,1000000
2016-08-28 21:05:49.367000,1.11849,1.11836,1250000,750000
2016-08-28 21:05:49.469000,1.11847,1.11836,1690000,750000
2016-08-28 21:05:49.519000,1.11846,1.11834,1190000,1000000
2016-08-28 21:05:49.570000,1.11845,1.11834,1690000,1000000
2016-08-28 21:05:49.621000,1.11845,1.11832,1690000,1000000
2016-08-28 21:05:50.673000,1.11845,1.11832,2440000,1000000
2016-08-28 21:05:50.782000,1.11845,1.11832,1690000,1000000
2016-08-28 21:05:50.883000,1.11845,1.11832,2440000,1000000
2016-08-28 21:05:51.099000,1.11845,1.11832,1500000,1000000
2016-08-28 21:05:51.201000,1.11845,1.11833,1000000,1000000
2016-08-28 21:05:51.302000,1.11847,1.11834,1000000,1000000
2016-08-28 21:05:54.083000,1.11848,1.11833,1000000,1000000
2016-08-28 21:05:54.177000,1.11846,1.11833,1000000,1000000
2016-08-28 21:05:54.276000,1.11851,1.11826,1190000,1000000
2016-08-28 21:05:54.413000,1.11846,1.11833,1000000,1000000
2016-08-28 21:05:59.281000,1.11847,1.11834,1000000,1000000
2016-08-28 21:06:00.182000,1.11852,1.11828,2440000,1000000
2016-08-28 21:06:00.237000,1.11852,1.11834,1690000,1000000
2016-08-28 21:06:00.288000,1.11852,1.11839,1690000,1000000
2016-08-28 21:06:00.963000,1.11852,1.11840,1690000,1000000
2016-08-28 21:06:05.689000,1.11852,1.11841,1690000,1000000
2016-08-28 21:06:06.244000,1.11852,1.11842,1690000,1000000
2016-08-28 21:06:06.803000,1.11852,1.11843,1690000,1000000
2016-08-28 21:06:14.294000,1.11852,1.11841,1690000,1000000
2016-08-28 21:06:21.486000,1.11852,1.11841,1500000,1000000
2016-08-28 21:06:21.841000,1.11852,1.11844,1500000,1000000
2016-08-28 21:06:21.892000,1.11853,1.11844,1500000,1370000
2016-08-28 21:06:21.943000,1.11864,1.11853,1000000,1000000
2016-08-28 21:06:21.994000,1.11864,1.11853,1000000,1370000
2016-08-28 21:06:22.045000,1.11864,1.11854,1000000,1000000
2016-08-28 21:06:22.146000,1.11864,1.11854,1000000,1500000
2016-08-28 21:06:22.450000,1.11864,1.11854,1000000,1000000
2016-08-28 21:06:23.003000,1.11864,1.11855,1000000,1000000
2016-08-28 21:06:23.465000,1.11872,1.11855,1690000,1000000
2016-08-28 21:06:24.840000,1.11872,1.11854,1690000,1500000
2016-08-28 21:06:25.529000,1.11872,1.11855,1690000,1500000
2016-08-28 21:06:25.631000,1.11872,1.11855,1690000,1000000
2016-08-28 21:06:26.165000,1.11872,1.11856,1690000,1000000
2016-08-28 21:06:27.424000,1.11872,1.11855,1690000,1500000
2016-08-28 21:06:29.212000,1.11872,1.11856,1690000,1000000
2016-08-28 21:06:32.916000,1.11872,1.11855,1690000,1500000
2016-08-28 21:06:33.017000,1.11872,1.11855,1690000,1000000
2016-08-28 21:06:33.112000,1.11872,1.11855,1690000,1500000
2016-08-28 21:06:36.619000,1.11872,1.11855,1690000,1000000
2016-08-28 21:06:36.720000,1.11872,1.11855,1690000,1500000
2016-08-28 21:06:36.822000,1.11872,1.11855,1690000,1120000
2016-08-28 21:06:36.873000,1.11872,1.11855,1690000,1000000
2016-08-28 21:06:37.025000,1.11872,1.11853,1690000,1000000
2016-08-28 21:06:41.220000,1.11872,1.11853,1690000,1500000
2016-08-28 21:06:43.960000,1.11872,1.11853,1690000,1000000
2016-08-28 21:06:44.222000,1.11872,1.11853,1690000,1500000
2016-08-28 21:06:46.024000,1.11872,1.11853,1690000,1000000
2016-08-28 21:06:46.324000,1.11872,1.11853,1690000,1500000
2016-08-28 21:06:46.967000,1.11872,1.11853,1690000,1000000
2016-08-28 21:06:47.125000,1.11872,1.11853,1690000,1500000
2016-08-28 21:06:48.177000,1.11872,1.11853,1690000,2250000
2016-08-28 21:06:48.229000,1.11872,1.11853,1690000,1500000
2016-08-28 21:06:48.331000,1.11872,1.11853,1690000,2500000
2016-08-28 21:06:48.426000,1.11872,1.11853,1690000,3250000
2016-08-28 21:06:50.202000,1.11872,1.11858,1690000,1000000
2016-08-28 21:06:50.252000,1.11872,1.11853,1690000,1500000
2016-08-28 21:06:50.354000,1.11872,1.11858,1690000,1000000
2016-08-28 21:06:52.831000,1.11872,1.11856,1690000,1000000
2016-08-28 21:06:55.433000,1.11872,1.11857,1690000,1000000
2016-08-28 21:06:57.735000,1.11872,1.11865,1690000,1000000
2016-08-28 21:06:57.786000,1.11883,1.11878,7080000,8250000
2016-08-28 21:06:57.837000,1.11883,1.11878,1980000,8250000
2016-08-28 21:06:57.888000,1.11880,1.11872,1000000,750000
2016-08-28 21:06:57.939000,1.11879,1.11871,1000000,1750000
2016-08-28 21:06:57.989000,1.11879,1.11877,1000000,1000000
2016-08-28 21:06:58.040000,1.11882,1.11870,1040000,1370000
2016-08-28 21:06:58.091000,1.11876,1.11870,1690000,1000000
2016-08-28 21:06:58.142000,1.11882,1.11878,1310000,1000000
2016-08-28 21:06:58.193000,1.11890,1.11878,1000000,1000000
2016-08-28 21:06:58.244000,1.11883,1.11877,750000,1000000
2016-08-28 21:06:58.294000,1.11888,1.11884,1000000,1000000
2016-08-28 21:06:58.345000,1.11893,1.11884,1000000,1000000
2016-08-28 21:06:58.988000,1.11897,1.11884,1690000,1000000
2016-08-28 21:06:59.090000,1.11897,1.11885,1500000,1000000
2016-08-28 21:06:59.141000,1.11897,1.11885,1500000,1370000
2016-08-28 21:06:59.192000,1.11897,1.11886,1500000,1000000
2016-08-28 21:06:59.293000,1.11902,1.11886,1690000,1000000
2016-08-28 21:07:01.564000,1.11902,1.11886,1690000,1000000
2016-08-28 21:07:04.623000,1.11902,1.11886,2440000,1000000
2016-08-28 21:07:04.674000,1.11897,1.11885,1500000,1370000
2016-08-28 21:07:04.724000,1.11897,1.11885,1690000,1000000
2016-08-28 21:07:04.846000,1.11897,1.11884,1690000,1500000
2016-08-28 21:07:04.931000,1.11897,1.11884,1690000,1120000
2016-08-28 21:07:04.981000,1.11897,1.11884,3190000,1120000
2016-08-28 21:07:05.032000,1.11893,1.11884,1190000,1000000
2016-08-28 21:07:05.083000,1.11892,1.11884,1690000,1000000
2016-08-28 21:07:05.134000,1.11892,1.11884,2440000,1000000
2016-08-28 21:07:05.185000,1.11889,1.11884,1250000,1000000
2016-08-28 21:07:05.683000,1.11890,1.11884,1190000,1000000
2016-08-28 21:07:08.446000,1.11891,1.11884,1190000,1000000
2016-08-28 21:07:12.882000,1.11892,1.11884,2440000,1000000
2016-08-28 21:07:12.983000,1.11889,1.11884,1250000,1000000
2016-08-28 21:07:13.186000,1.11892,1.11884,1690000,1000000
2016-08-28 21:07:13.250000,1.11892,1.11884,2440000,1000000
2016-08-28 21:07:13.962000,1.11891,1.11884,1190000,1000000
2016-08-28 21:07:14.013000,1.11891,1.11884,1190000,1500000
2016-08-28 21:07:14.064000,1.11892,1.11884,2440000,1500000
2016-08-28 21:07:14.114000,1.11892,1.11884,1190000,1000000
2016-08-28 21:07:14.165000,1.11893,1.11884,1690000,1000000
2016-08-28 21:07:14.368000,1.11893,1.11884,1690000,1500000
2016-08-28 21:07:14.418000,1.11893,1.11884,1690000,1000000
2016-08-28 21:07:14.552000,1.11893,1.11884,1690000,1500000
2016-08-28 21:07:19.556000,1.11893,1.11884,1690000,1000000
2016-08-28 21:07:21.157000,1.11893,1.11884,1690000,1500000
2016-08-28 21:07:21.208000,1.11893,1.11885,1690000,1000000
2016-08-28 21:07:21.357000,1.11893,1.11886,1690000,1000000
2016-08-28 21:07:21.558000,1.11893,1.11887,1690000,1500000
2016-08-28 21:07:21.660000,1.11893,1.11886,1690000,1000000
2016-08-28 21:07:21.762000,1.11892,1.11885,1690000,1500000
2016-08-28 21:07:21.813000,1.11892,1.11887,1690000,1000000
2016-08-28 21:07:21.864000,1.11892,1.11887,1500000,1370000
2016-08-28 21:07:21.915000,1.11896,1.11890,1000000,1500000
2016-08-28 21:07:22.115000,1.11901,1.11890,1190000,1500000
2016-08-28 21:07:22.404000,1.11901,1.11887,1190000,1370000
2016-08-28 21:07:22.455000,1.11901,1.11887,1190000,1500000
2016-08-28 21:07:22.506000,1.11901,1.11889,1190000,1120000
2016-08-28 21:07:22.557000,1.11901,1.11889,1190000,1000000
2016-08-28 21:07:22.608000,1.11901,1.11887,1190000,1120000
2016-08-28 21:07:23.316000,1.11902,1.11888,2440000,1000000
2016-08-28 21:07:25.667000,1.11902,1.11887,1690000,1120000
2016-08-28 21:07:25.718000,1.11902,1.11888,2440000,1000000
2016-08-28 21:07:34.753000,1.11902,1.11888,2440000,1500000
2016-08-28 21:07:34.861000,1.11902,1.11891,1690000,1000000
2016-08-28 21:07:35.755000,1.11902,1.11890,1690000,1000000
2016-08-28 21:07:36.462000,1.11902,1.11891,1690000,1000000
2016-08-28 21:07:56.448000,1.11902,1.11890,1690000,1000000
2016-08-28 21:07:56.994000,1.11902,1.11891,1690000,1000000
2016-08-28 21:08:01.152000,1.11902,1.11888,1690000,1000000
2016-08-28 21:08:01.268000,1.11902,1.11891,1690000,1000000
2016-08-28 21:08:04.189000,1.11901,1.11887,1190000,1000000
2016-08-28 21:08:04.290000,1.11900,1.11885,1190000,1000000
2016-08-28 21:08:20.180000,1.11900,1.11895,1000000,1000000
2016-08-28 21:08:20.281000,1.11902,1.11895,1690000,1000000
2016-08-28 21:08:20.383000,1.11902,1.11895,1690000,1500000
2016-08-28 21:08:26.768000,1.11902,1.11895,2440000,1000000
2016-08-28 21:08:26.870000,1.11902,1.11894,1690000,1000000
2016-08-28 21:08:26.921000,1.11902,1.11894,1690000,750000
2016-08-28 21:08:27.022000,1.11902,1.11879,1690000,1790000
2016-08-28 21:08:27.073000,1.11902,1.11880,1690000,1040000
2016-08-28 21:08:27.123000,1.11902,1.11880,1690000,1540000
2016-08-28 21:08:29.682000,1.11902,1.11880,2440000,1540000
2016-08-28 21:08:29.733000,1.11902,1.11880,2440000,2290000
2016-08-28 21:08:29.784000,1.11900,1.11883,1190000,1050000
2016-08-28 21:08:29.878000,1.11898,1.11883,1000000,1050000
2016-08-28 21:09:24.467000,1.11901,1.11883,1190000,1050000
2016-08-28 21:09:24.568000,1.11901,1.11886,1190000,1000000
2016-08-28 21:09:25.093000,1.11900,1.11885,1190000,1000000
2016-08-28 21:09:48.166000,1.11892,1.11885,1190000,1000000
2016-08-28 21:09:48.318000,1.11892,1.11884,2440000,1000000
2016-08-28 21:09:48.369000,1.11892,1.11880,2440000,1000000
2016-08-28 21:09:48.783000,1.11892,1.11879,1690000,1000000
2016-08-28 21:09:52.186000,1.11885,1.11880,1500000,1000000
2016-08-28 21:09:52.237000,1.11885,1.11879,2440000,1000000
2016-08-28 21:09:52.288000,1.11882,1.11878,1690000,1000000
2016-08-28 21:09:52.390000,1.11882,1.11874,1690000,1000000
2016-08-28 21:09:52.492000,1.11882,1.11874,1690000,1500000
2016-08-28 21:09:55.621000,1.11882,1.11874,1690000,2250000
2016-08-28 21:09:55.673000,1.11882,1.11876,1690000,1000000
2016-08-28 21:09:55.775000,1.11882,1.11876,1500000,1000000
2016-08-28 21:09:55.876000,1.11882,1.11878,1500000,1000000
2016-08-28 21:09:55.926000,1.11892,1.11878,2440000,1000000
2016-08-28 21:09:55.977000,1.11891,1.11879,1190000,1000000
2016-08-28 21:10:03.451000,1.11891,1.11879,1690000,1000000
2016-08-28 21:10:03.502000,1.11887,1.11879,1500000,1000000
2016-08-28 21:10:03.553000,1.11887,1.11879,1690000,1000000
2016-08-28 21:10:03.604000,1.11885,1.11878,1190000,1000000
2016-08-28 21:10:03.657000,1.11886,1.11878,1690000,1000000
2016-08-28 21:10:03.708000,1.11885,1.11875,1190000,1000000
2016-08-28 21:10:03.847000,1.11885,1.11875,1190000,1500000
2016-08-28 21:10:03.898000,1.11886,1.11875,1000000,1500000
2016-08-28 21:10:03.999000,1.11887,1.11875,1500000,1500000
2016-08-28 21:10:04.101000,1.11887,1.11875,1500000,1000000
2016-08-28 21:10:04.202000,1.11890,1.11878,1190000,1000000
2016-08-28 21:10:06.907000,1.11889,1.11878,1250000,1000000
2016-08-28 21:10:07.463000,1.11889,1.11877,1250000,1000000
2016-08-28 21:10:14.273000,1.11890,1.11885,1190000,1000000
2016-08-28 21:10:14.324000,1.11891,1.11885,1000000,1000000
2016-08-28 21:10:14.374000,1.11892,1.11885,2250000,1000000
2016-08-28 21:10:14.476000,1.11892,1.11885,2250000,1500000
2016-08-28 21:10:15.174000,1.11892,1.11885,1500000,1000000
2016-08-28 21:10:15.225000,1.11892,1.11885,1690000,1000000
2016-08-28 21:10:15.377000,1.11890,1.11883,1190000,1500000
2016-08-28 21:10:15.428000,1.11890,1.11880,1190000,1000000
2016-08-28 21:10:16.659000,1.11890,1.11882,1190000,1000000
2016-08-28 21:10:16.710000,1.11892,1.11890,2250000,4500000
2016-08-28 21:10:16.812000,1.11897,1.11895,1000000,1000000
2016-08-28 21:10:16.914000,1.11902,1.11895,1500000,1000000
2016-08-28 21:10:17.015000,1.11902,1.11895,1500000,1500000
2016-08-28 21:10:17.116000,1.11902,1.11895,1500000,1000000
2016-08-28 21:10:17.172000,1.11902,1.11895,1500000,1500000
2016-08-28 21:10:18.975000,1.11902,1.11897,1500000,1000000
2016-08-28 21:10:19.061000,1.11902,1.11895,2250000,1000000
2016-08-28 21:10:19.114000,1.11895,1.11891,1500000,1500000
2016-08-28 21:10:19.165000,1.11894,1.11893,3000000,1500000
2016-08-28 21:10:19.217000,1.11894,1.11892,1000000,1500000
2016-08-28 21:10:19.318000,1.11894,1.11886,1500000,1000000
2016-08-28 21:10:19.369000,1.11894,1.11885,1500000,1370000
2016-08-28 21:10:19.420000,1.11893,1.11882,1000000,1000000
2016-08-28 21:10:19.521000,1.11890,1.11879,1000000,1000000
2016-08-28 21:10:19.875000,1.11892,1.11879,1000000,1500000
2016-08-28 21:10:21.720000,1.11892,1.11879,1000000,1000000
2016-08-28 21:10:21.922000,1.11902,1.11881,1690000,1000000
2016-08-28 21:10:22.246000,1.11900,1.11881,1250000,1000000
2016-08-28 21:10:22.347000,1.11897,1.11881,1690000,1000000
2016-08-28 21:10:22.398000,1.11895,1.11881,1190000,1000000
2016-08-28 21:10:22.499000,1.11895,1.11878,1190000,1000000
2016-08-28 21:10:22.600000,1.11895,1.11874,1190000,1000000
2016-08-28 21:10:22.651000,1.11895,1.11874,1690000,1000000
2016-08-28 21:10:22.752000,1.11895,1.11874,1190000,1000000
2016-08-28 21:10:23.291000,1.11895,1.11874,1690000,1000000
2016-08-28 21:10:25.049000,1.11895,1.11874,1190000,1000000
2016-08-28 21:10:25.669000,1.11895,1.11874,2060000,1000000
2016-08-28 21:10:25.720000,1.11895,1.11874,3190000,1000000
2016-08-28 21:10:26.595000,1.11895,1.11874,3940000,1000000
2016-08-28 21:10:27.705000,1.11895,1.11874,2440000,1000000
2016-08-28 21:10:28.057000,1.11895,1.11874,3940000,1000000
2016-08-28 21:10:32.015000,1.11895,1.11868,3940000,1000000
2016-08-28 21:10:32.087000,1.11895,1.11876,3940000,1000000
2016-08-28 21:10:32.457000,1.11895,1.11876,3560000,1000000
2016-08-28 21:10:32.509000,1.11895,1.11877,1560000,1000000
2016-08-28 21:10:32.559000,1.11895,1.11877,1190000,1000000
2016-08-28 21:10:32.610000,1.11895,1.11881,1690000,1000000
2016-08-28 21:10:32.715000,1.11895,1.11882,2440000,1000000
2016-08-28 21:10:33.333000,1.11895,1.11882,1690000,1000000
2016-08-28 21:10:33.618000,1.11895,1.11882,2440000,1000000
2016-08-28 21:10:35.521000,1.11895,1.11882,1690000,1000000
2016-08-28 21:10:35.572000,1.11895,1.11882,1190000,1000000
2016-08-28 21:10:36.090000,1.11895,1.11882,1190000,1010000
2016-08-28 21:10:36.585000,1.11895,1.11882,1190000,760000
2016-08-28 21:10:36.737000,1.11897,1.11882,2440000,760000
2016-08-28 21:10:36.838000,1.11897,1.11877,1690000,1010000
2016-08-28 21:10:39.698000,1.11895,1.11877,1190000,1010000
2016-08-28 21:10:39.748000,1.11895,1.11877,1690000,1010000
2016-08-28 21:10:41.019000,1.11895,1.11877,1190000,1010000
2016-08-28 21:10:42.922000,1.11895,1.11877,1690000,1010000
2016-08-28 21:10:47.400000,1.11895,1.11878,1690000,1010000
2016-08-28 21:10:54.706000,1.11895,1.11877,1690000,1010000
2016-08-28 21:10:55.707000,1.11895,1.11878,1690000,1010000
2016-08-28 21:10:56.532000,1.11895,1.11882,2440000,1010000
2016-08-28 21:10:56.633000,1.11895,1.11881,1690000,1010000
2016-08-28 21:10:57.143000,1.11895,1.11881,1250000,1010000
2016-08-28 21:10:57.845000,1.11895,1.11882,2440000,1010000
2016-08-28 21:10:58.008000,1.11893,1.11880,1000000,1010000
2016-08-28 21:10:59.410000,1.11894,1.11879,1000000,1010000
2016-08-28 21:11:05.715000,1.11893,1.11880,1000000,1010000
2016-08-28 21:11:16.942000,1.11894,1.11879,1250000,1010000
2016-08-28 21:11:31.337000,1.11893,1.11880,1000000,1000000
2016-08-28 21:11:32.967000,1.11893,1.11887,1000000,1000000
2016-08-28 21:11:33.069000,1.11897,1.11888,1500000,1000000
2016-08-28 21:11:33.121000,1.11900,1.11888,1500000,1000000
2016-08-28 21:11:33.199000,1.11902,1.11886,1000000,1000000
2016-08-28 21:11:33.250000,1.11905,1.11888,2250000,1000000
2016-08-28 21:11:33.301000,1.11905,1.11888,3000000,1000000
2016-08-28 21:11:33.352000,1.11903,1.11888,1000000,1000000
2016-08-28 21:11:33.860000,1.11904,1.11888,1000000,1000000
2016-08-28 21:11:46.787000,1.11902,1.11888,1000000,1500000
2016-08-28 21:11:46.838000,1.11902,1.11888,2620000,1000000
2016-08-28 21:11:46.888000,1.11901,1.11888,1000000,1000000
2016-08-28 21:11:46.990000,1.11901,1.11885,1000000,1500000
2016-08-28 21:11:47.148000,1.11901,1.11885,1500000,1500000
2016-08-28 21:11:57.785000,1.11900,1.11885,1000000,1500000
2016-08-28 21:11:57.836000,1.11900,1.11885,1500000,1500000
2016-08-28 21:11:58.004000,1.11900,1.11885,2250000,1500000
2016-08-28 21:11:59.713000,1.11900,1.11885,1500000,1500000
2016-08-28 21:12:01.027000,1.11900,1.11885,2250000,1500000
2016-08-28 21:12:03.998000,1.11900,1.11885,1500000,1000000
2016-08-28 21:12:04.048000,1.11900,1.11885,1000000,1000000
2016-08-28 21:12:04.099000,1.11901,1.11887,1000000,1000000
2016-08-28 21:12:04.150000,1.11905,1.11887,2250000,1000000
2016-08-28 21:12:04.201000,1.11902,1.11887,1000000,1000000
2016-08-28 21:12:04.302000,1.11905,1.11887,3000000,1000000
2016-08-28 21:12:04.459000,1.11905,1.11887,3750000,1000000
2016-08-28 21:12:05.163000,1.11905,1.11887,3750000,1500000
2016-08-28 21:12:09.095000,1.11905,1.11887,3000000,1500000
2016-08-28 21:12:11.870000,1.11905,1.11887,3750000,1500000
2016-08-28 21:12:13.049000,1.11905,1.11887,3000000,1500000
2016-08-28 21:12:13.350000,1.11905,1.11887,3750000,1500000
2016-08-28 21:12:20.209000,1.11905,1.11887,3000000,1500000
2016-08-28 21:12:20.673000,1.11905,1.11887,3750000,1500000
2016-08-28 21:12:25.611000,1.11904,1.11887,1000000,1500000
2016-08-28 21:12:31.032000,1.11901,1.11887,1000000,1500000
2016-08-28 21:12:31.185000,1.11898,1.11887,1070000,1000000
2016-08-28 21:12:31.286000,1.11898,1.11885,1450000,1500000
2016-08-28 21:12:31.388000,1.11898,1.11885,1950000,1500000
2016-08-28 21:12:31.485000,1.11896,1.11885,1470000,1500000
2016-08-28 21:12:33.338000,1.11896,1.11885,1470000,1000000
2016-08-28 21:12:34.929000,1.11896,1.11885,1470000,1500000
2016-08-28 21:12:39.752000,1.11896,1.11885,1950000,1500000
2016-08-28 21:12:39.904000,1.11896,1.11885,1450000,1000000
2016-08-28 21:12:39.963000,1.11896,1.11884,1450000,1500000
2016-08-28 21:12:40.014000,1.11896,1.11884,1950000,1500000
2016-08-28 21:12:40.092000,1.11894,1.11884,1450000,1500000
2016-08-28 21:12:41.137000,1.11894,1.11885,1450000,1000000
2016-08-28 21:12:43.131000,1.11894,1.11885,1450000,1500000
2016-08-28 21:12:43.233000,1.11895,1.11885,1370000,1500000
2016-08-28 21:12:43.284000,1.11895,1.11885,1000000,1500000
2016-08-28 21:12:43.335000,1.11896,1.11885,1000000,1500000
2016-08-28 21:12:45.342000,1.11896,1.11885,1000000,1000000
2016-08-28 21:12:46.529000,1.11896,1.11885,1000000,1500000
2016-08-28 21:12:50.308000,1.11899,1.11885,1000000,1500000
2016-08-28 21:13:00.757000,1.11899,1.11885,1000000,1000000
2016-08-28 21:13:01.053000,1.11899,1.11885,1000000,1500000
2016-08-28 21:13:13.787000,1.11899,1.11885,1000000,1000000
2016-08-28 21:13:14.008000,1.11898,1.11885,1000000,1000000
2016-08-28 21:13:14.187000,1.11898,1.11885,1000000,1500000
2016-08-28 21:13:20.663000,1.11898,1.11885,1000000,1000000
2016-08-28 21:13:20.797000,1.11898,1.11885,1000000,1500000
2016-08-28 21:13:24.804000,1.11898,1.11885,1000000,1000000
2016-08-28 21:13:25.104000,1.11898,1.11885,1000000,1500000
2016-08-28 21:13:25.580000,1.11898,1.11885,1120000,1500000
2016-08-28 21:13:26.490000,1.11898,1.11885,1120000,1000000
2016-08-28 21:13:26.545000,1.11898,1.11883,1120000,1000000
2016-08-28 21:13:45.611000,1.11898,1.11883,1500000,1000000
2016-08-28 21:13:47.137000,1.11898,1.11883,1000000,1000000
2016-08-28 21:14:19.074000,1.11896,1.11883,1000000,1000000
2016-08-28 21:14:26.570000,1.11896,1.11881,1000000,1000000
2016-08-28 21:14:49.461000,1.11896,1.11883,1000000,1000000
2016-08-28 21:14:49.831000,1.11898,1.11883,1500000,1000000
2016-08-28 21:14:56.371000,1.11898,1.11883,1120000,1000000
2016-08-28 21:14:56.424000,1.11898,1.11883,1000000,1000000
2016-08-28 21:15:00.581000,1.11898,1.11883,1120000,1000000
2016-08-28 21:15:00.632000,1.11898,1.11883,1500000,1000000
2016-08-28 21:15:00.683000,1.11898,1.11882,1120000,1000000
2016-08-28 21:15:00.914000,1.11895,1.11882,1000000,1000000
2016-08-28 21:15:01.533000,1.11896,1.11882,1000000,1000000
2016-08-28 21:15:04.812000,1.11895,1.11882,1000000,1000000
2016-08-28 21:15:07.573000,1.11895,1.11882,2250000,1000000
2016-08-28 21:15:07.625000,1.11895,1.11879,2250000,1000000
2016-08-28 21:15:07.676000,1.11890,1.11879,1500000,1000000
2016-08-28 21:15:07.727000,1.11890,1.11877,2250000,1500000
2016-08-28 21:15:07.778000,1.11890,1.11877,3750000,1000000
2016-08-28 21:15:07.829000,1.11890,1.11874,3750000,1000000
2016-08-28 21:15:07.880000,1.11890,1.11869,3750000,1000000
2016-08-28 21:15:08.032000,1.11890,1.11870,3750000,1000000
2016-08-28 21:15:08.315000,1.11890,1.11869,3750000,1500000
2016-08-28 21:15:09.063000,1.11890,1.11871,3750000,1000000
2016-08-28 21:15:09.217000,1.11890,1.11870,3000000,1000000
2016-08-28 21:15:09.814000,1.11890,1.11871,3000000,1000000
2016-08-28 21:15:10.026000,1.11890,1.11869,3750000,1000000
2016-08-28 21:15:10.165000,1.11890,1.11870,3750000,1000000
2016-08-28 21:15:11.777000,1.11890,1.11870,3000000,1000000
2016-08-28 21:15:11.978000,1.11890,1.11871,3750000,1000000
2016-08-28 21:15:12.218000,1.11887,1.11869,1000000,1000000
2016-08-28 21:15:15.621000,1.11888,1.11869,1000000,1000000
2016-08-28 21:15:18.222000,1.11884,1.11869,1000000,1000000
2016-08-28 21:15:18.324000,1.11882,1.11865,1500000,1000000
2016-08-28 21:15:18.426000,1.11882,1.11861,1500000,1000000
2016-08-28 21:15:18.527000,1.11882,1.11861,2250000,1000000
2016-08-28 21:15:18.738000,1.11882,1.11860,2250000,1000000
2016-08-28 21:15:19.624000,1.11882,1.11860,1500000,1000000
2016-08-28 21:15:20.249000,1.11882,1.11861,2250000,1000000
2016-08-28 21:15:20.325000,1.11882,1.11860,1500000,1000000
2016-08-28 21:15:21.501000,1.11882,1.11861,1500000,1000000
2016-08-28 21:15:27.342000,1.11882,1.11861,2250000,1500000
2016-08-28 21:15:30.252000,1.11882,1.11861,2250000,1000000
2016-08-28 21:15:31.852000,1.11857,1.11845,2500000,1250000
2016-08-28 21:15:31.903000,1.11855,1.11844,1000000,2250000
2016-08-28 21:15:31.954000,1.11847,1.11845,1500000,1000000
2016-08-28 21:15:32.006000,1.11842,1.11838,1500000,1500000
2016-08-28 21:15:32.057000,1.11842,1.11838,1500000,1000000
2016-08-28 21:15:32.159000,1.11842,1.11833,1500000,1000000
2016-08-28 21:15:32.210000,1.11842,1.11833,1500000,750000
2016-08-28 21:15:32.261000,1.11842,1.11821,1500000,1000000
2016-08-28 21:15:32.312000,1.11840,1.11820,1000000,1500000
2016-08-28 21:15:32.369000,1.11840,1.11820,1500000,1000000
2016-08-28 21:15:32.425000,1.11840,1.11814,1500000,1500000
2016-08-28 21:15:32.578000,1.11840,1.11814,1500000,1000000
2016-08-28 21:15:33.478000,1.11832,1.11814,1000000,1000000
2016-08-28 21:15:33.529000,1.11832,1.11814,1000000,1500000
2016-08-28 21:15:33.631000,1.11833,1.11817,1000000,1000000
2016-08-28 21:15:33.732000,1.11833,1.11819,1000000,1000000
2016-08-28 21:15:33.783000,1.11840,1.11819,1500000,1000000
2016-08-28 21:15:33.884000,1.11835,1.11819,1000000,1000000
2016-08-28 21:15:40.868000,1.11835,1.11817,1000000,1000000
2016-08-28 21:15:40.970000,1.11840,1.11817,1500000,1000000
2016-08-28 21:15:41.043000,1.11835,1.11817,1000000,1000000
2016-08-28 21:15:43.528000,1.11835,1.11829,1000000,750000
2016-08-28 21:15:43.579000,1.11835,1.11831,750000,1000000
2016-08-28 21:15:43.631000,1.11855,1.11838,1870000,1000000
2016-08-28 21:15:43.682000,1.11855,1.11838,1500000,1000000
2016-08-28 21:15:43.834000,1.11855,1.11837,1000000,1000000
2016-08-28 21:15:43.885000,1.11850,1.11840,1000000,1000000
2016-08-28 21:15:43.936000,1.11850,1.11840,1000000,1500000
2016-08-28 21:15:44.088000,1.11853,1.11840,1000000,1500000
2016-08-28 21:15:46.675000,1.11851,1.11840,1000000,1500000
2016-08-28 21:15:46.726000,1.11851,1.11840,1500000,1500000
2016-08-28 21:15:46.777000,1.11845,1.11829,1000000,1000000
2016-08-28 21:15:46.878000,1.11843,1.11829,1000000,1000000
2016-08-28 21:15:47.356000,1.11842,1.11827,1000000,1000000
2016-08-28 21:15:47.593000,1.11839,1.11827,1000000,1000000
2016-08-28 21:15:47.649000,1.11842,1.11827,1000000,1000000
2016-08-28 21:15:47.843000,1.11842,1.11830,1000000,1000000
2016-08-28 21:15:48.097000,1.11842,1.11830,1000000,1500000
2016-08-28 21:15:54.766000,1.11842,1.11830,1000000,1000000
2016-08-28 21:15:55.086000,1.11819,1.11815,750000,750000
2016-08-28 21:15:55.189000,1.11812,1.11807,1500000,1000000
2016-08-28 21:15:55.290000,1.11822,1.11815,1000000,1000000
2016-08-28 21:15:55.392000,1.11817,1.11809,750000,1000000
2016-08-28 21:15:55.495000,1.11828,1.11815,1000000,1000000
2016-08-28 21:15:55.597000,1.11833,1.11820,1000000,750000
2016-08-28 21:15:55.648000,1.11833,1.11820,1000000,1500000
2016-08-28 21:15:55.750000,1.11832,1.11820,1000000,1000000
2016-08-28 21:15:55.801000,1.11832,1.11819,1000000,1500000
2016-08-28 21:15:55.906000,1.11834,1.11819,1000000,1500000
2016-08-28 21:15:56.175000,1.11834,1.11820,1000000,1000000
2016-08-28 21:15:57.264000,1.11834,1.11819,1000000,1500000
2016-08-28 21:15:58.510000,1.11834,1.11820,1000000,1000000
2016-08-28 21:15:58.911000,1.11834,1.11819,1000000,1500000
2016-08-28 21:15:59.707000,1.11834,1.11820,1000000,1000000
2016-08-28 21:16:01.865000,1.11832,1.11820,1000000,1000000
2016-08-28 21:16:02.640000,1.11833,1.11820,1000000,1000000
2016-08-28 21:16:04.179000,1.11829,1.11819,1000000,1000000
2016-08-28 21:16:04.284000,1.11827,1.11812,1000000,1000000
2016-08-28 21:16:04.386000,1.11824,1.11812,1000000,1000000
2016-08-28 21:16:06.527000,1.11824,1.11820,1000000,1000000
2016-08-28 21:16:06.578000,1.11824,1.11820,1000000,1000000
2016-08-28 21:16:06.680000,1.11840,1.11820,3370000,1500000
2016-08-28 21:16:06.731000,1.11840,1.11820,3000000,1500000
2016-08-28 21:16:06.782000,1.11832,1.11820,1000000,1500000
2016-08-28 21:16:10.728000,1.11832,1.11820,1000000,1000000
2016-08-28 21:16:10.930000,1.11832,1.11820,1000000,1500000
2016-08-28 21:16:13.371000,1.11833,1.11820,1000000,1500000
2016-08-28 21:16:14.707000,1.11833,1.11820,1000000,1000000
2016-08-28 21:16:14.834000,1.11833,1.11820,1000000,1500000
2016-08-28 21:16:16.940000,1.11833,1.11820,1000000,1000000
2016-08-28 21:16:17.540000,1.11833,1.11820,1000000,1500000
2016-08-28 21:16:17.696000,1.11833,1.11820,1000000,1000000
2016-08-28 21:16:18.542000,1.11833,1.11820,1000000,1500000
2016-08-28 21:16:18.842000,1.11833,1.11820,1000000,1000000
2016-08-28 21:16:19.143000,1.11833,1.11820,1000000,1500000
2016-08-28 21:16:21.100000,1.11833,1.11820,1000000,1000000
2016-08-28 21:16:22.779000,1.11836,1.11820,1000000,1000000
2016-08-28 21:16:22.830000,1.11836,1.11820,1000000,1500000
2016-08-28 21:16:22.881000,1.11833,1.11820,1000000,1500000
2016-08-28 21:16:45.099000,1.11834,1.11820,1000000,1500000
2016-08-28 21:17:02.805000,1.11834,1.11820,1000000,1000000
2016-08-28 21:17:04.710000,1.11834,1.11820,1000000,1500000
2016-08-28 21:17:06.686000,1.11834,1.11820,1000000,1000000
2016-08-28 21:17:06.788000,1.11834,1.11820,1000000,1500000
2016-08-28 21:17:17.161000,1.11834,1.11820,1000000,1000000
2016-08-28 21:17:17.932000,1.11835,1.11820,1000000,1000000
2016-08-28 21:17:18.926000,1.11836,1.11820,1000000,1000000
2016-08-28 21:17:19.588000,1.11837,1.11820,1000000,1000000
2016-08-28 21:17:21.686000,1.11837,1.11819,1000000,1000000
2016-08-28 21:17:22.229000,1.11837,1.11820,1000000,1000000
2016-08-28 21:17:33.703000,1.11837,1.11819,1000000,1000000
2016-08-28 21:17:34.445000,1.11837,1.11820,1000000,1000000
2016-08-28 21:17:35.074000,1.11837,1.11819,1000000,1000000
2016-08-28 21:17:35.768000,1.11837,1.11820,1000000,1000000
2016-08-28 21:17:43.217000,1.11837,1.11819,1000000,1000000
2016-08-28 21:17:45.921000,1.11837,1.11820,1000000,1000000
2016-08-28 21:17:50.728000,1.11837,1.11819,1000000,1000000
2016-08-28 21:17:51.258000,1.11837,1.11820,1000000,1000000
2016-08-28 21:17:54.734000,1.11837,1.11819,1000000,1000000
2016-08-28 21:17:55.239000,1.11837,1.11820,1000000,1000000
2016-08-28 21:17:58.740000,1.11837,1.11819,1000000,1000000
2016-08-28 21:17:59.536000,1.11836,1.11819,1000000,1000000
2016-08-28 21:18:00.198000,1.11836,1.11820,1000000,1000000
2016-08-28 21:18:07.179000,1.11836,1.11819,1000000,1000000
2016-08-28 21:18:07.784000,1.11836,1.11820,1000000,1000000
2016-08-28 21:18:11.801000,1.11836,1.11819,1000000,1000000
2016-08-28 21:18:13.910000,1.11836,1.11820,1000000,1000000
2016-08-28 21:18:26.683000,1.11835,1.11820,1000000,1000000
2016-08-28 21:18:37.941000,1.11835,1.11819,1000000,1000000
2016-08-28 21:18:38.743000,1.11835,1.11820,1000000,1000000
2016-08-28 21:18:45.754000,1.11835,1.11819,1000000,1000000
2016-08-28 21:18:46.338000,1.11835,1.11820,1000000,1000000
2016-08-28 21:18:47.459000,1.11835,1.11828,1000000,1000000
2016-08-28 21:18:47.611000,1.11842,1.11834,1500000,1000000
2016-08-28 21:18:47.662000,1.11845,1.11836,1000000,1000000
2016-08-28 21:18:47.713000,1.11853,1.11836,1000000,1000000
2016-08-28 21:18:47.764000,1.11856,1.11835,1570000,1500000
2016-08-28 21:18:47.815000,1.11842,1.11835,1000000,1500000
2016-08-28 21:18:49.302000,1.11843,1.11835,1000000,1500000
2016-08-28 21:18:51.740000,1.11843,1.11840,1000000,1000000
2016-08-28 21:18:51.791000,1.11844,1.11840,1000000,1500000
2016-08-28 21:18:57.570000,1.11845,1.11840,1000000,1500000
2016-08-28 21:19:00.124000,1.11843,1.11840,1000000,750000
2016-08-28 21:19:00.176000,1.11843,1.11827,1000000,1000000
2016-08-28 21:19:12.469000,1.11843,1.11840,1000000,750000
2016-08-28 21:19:12.741000,1.11845,1.11840,1000000,1500000
2016-08-28 21:19:20.759000,1.11845,1.11840,1000000,1000000
2016-08-28 21:19:21.791000,1.11845,1.11840,1000000,1500000
2016-08-28 21:19:29.713000,1.11845,1.11840,1000000,1000000
2016-08-28 21:19:33.710000,1.11845,1.11840,1000000,1500000
2016-08-28 21:19:40.131000,1.11844,1.11840,1000000,750000
2016-08-28 21:19:40.203000,1.11844,1.11827,1000000,1000000
2016-08-28 21:19:42.745000,1.11844,1.11819,1000000,1000000
2016-08-28 21:19:43.115000,1.11842,1.11819,1000000,1000000
2016-08-28 21:19:45.148000,1.11839,1.11819,1000000,1000000
2016-08-28 21:19:55.752000,1.11844,1.11840,1000000,750000
2016-08-28 21:19:56.447000,1.11860,1.11840,2250000,1500000
2016-08-28 21:20:07.724000,1.11860,1.11840,1500000,1500000
2016-08-28 21:20:07.775000,1.11860,1.11840,1000000,1000000
2016-08-28 21:20:08.335000,1.11860,1.11840,2250000,1500000
2016-08-28 21:20:08.776000,1.11860,1.11840,1500000,1000000
2016-08-28 21:20:09.777000,1.11860,1.11840,2250000,1500000
2016-08-28 21:20:15.486000,1.11860,1.11840,1500000,1000000
2016-08-28 21:20:15.787000,1.11860,1.11840,2250000,1500000
2016-08-28 21:20:16.739000,1.11860,1.11840,1500000,1500000
2016-08-28 21:20:16.840000,1.11860,1.11840,2250000,1500000
2016-08-28 21:20:25.751000,1.11860,1.11840,1500000,1000000
2016-08-28 21:20:26.558000,1.11860,1.11840,2250000,1500000
2016-08-28 21:20:26.692000,1.11844,1.11840,1000000,1500000
2016-08-28 21:20:30.162000,1.11841,1.11819,1000000,1000000
2016-08-28 21:20:43.211000,1.11841,1.11818,1000000,1500000
2016-08-28 21:20:43.711000,1.11841,1.11839,1000000,750000
2016-08-28 21:20:45.472000,1.11844,1.11840,1000000,1000000
2016-08-28 21:21:00.086000,1.11841,1.11839,1000000,750000
2016-08-28 21:21:00.137000,1.11841,1.11818,1000000,1500000
2016-08-28 21:21:01.759000,1.11841,1.11839,1000000,750000
2016-08-28 21:21:04.494000,1.11844,1.11840,1000000,1000000
2016-08-28 21:21:05.719000,1.11844,1.11840,1000000,1500000
2016-08-28 21:21:13.664000,1.11844,1.11840,1000000,1000000
2016-08-28 21:21:13.767000,1.11844,1.11840,1000000,1500000
2016-08-28 21:21:20.133000,1.11841,1.11839,1000000,750000
2016-08-28 21:21:20.235000,1.11841,1.11818,1000000,1500000
2016-08-28 21:21:29.743000,1.11841,1.11839,1000000,750000
2016-08-28 21:21:30.421000,1.11844,1.11840,1000000,1500000
2016-08-28 21:21:35.750000,1.11844,1.11840,1000000,1000000
2016-08-28 21:21:37.753000,1.11844,1.11840,1000000,1500000
2016-08-28 21:21:47.964000,1.11844,1.11840,1000000,1000000
2016-08-28 21:21:48.665000,1.11844,1.11840,1000000,1500000
2016-08-28 21:21:49.669000,1.11842,1.11840,1000000,750000
2016-08-28 21:21:49.771000,1.11848,1.11845,1000000,750000
2016-08-28 21:21:49.873000,1.11863,1.11860,1000000,1750000
2016-08-28 21:21:49.924000,1.11863,1.11862,1000000,1000000
2016-08-28 21:21:49.975000,1.11870,1.11862,1870000,1000000
2016-08-28 21:21:50.026000,1.11870,1.11862,1500000,1000000
2016-08-28 21:21:50.077000,1.11865,1.11862,1000000,1000000
2016-08-28 21:21:50.178000,1.11867,1.11858,1000000,1000000
2016-08-28 21:21:50.280000,1.11861,1.11856,1000000,1000000
2016-08-28 21:21:54.768000,1.11862,1.11859,1000000,1000000
2016-08-28 21:22:06.696000,1.11861,1.11859,1000000,1000000
2016-08-28 21:22:20.107000,1.11860,1.11857,1000000,750000
2016-08-28 21:22:20.208000,1.11860,1.11838,1000000,1000000
2016-08-28 21:22:26.531000,1.11861,1.11857,1000000,1000000
2016-08-28 21:22:30.195000,1.11862,1.11857,1000000,1000000
2016-08-28 21:22:30.720000,1.11861,1.11857,1000000,1000000
2016-08-28 21:22:38.832000,1.11872,1.11857,1000000,1000000
2016-08-28 21:22:39.132000,1.11861,1.11857,1000000,1000000
2016-08-28 21:22:42.014000,1.11862,1.11857,1000000,1000000
2016-08-28 21:23:00.602000,1.11860,1.11857,1000000,750000
2016-08-28 21:23:00.658000,1.11885,1.11881,2620000,750000
2016-08-28 21:23:00.711000,1.11886,1.11880,1070000,750000
2016-08-28 21:23:00.762000,1.11887,1.11882,1320000,370000
2016-08-28 21:23:00.813000,1.11885,1.11883,1000000,1000000
2016-08-28 21:23:00.869000,1.11890,1.11888,1690000,1000000
2016-08-28 21:23:00.920000,1.11889,1.11888,1250000,1000000
2016-08-28 21:23:00.971000,1.11895,1.11888,1000000,1500000
2016-08-28 21:23:01.023000,1.11892,1.11886,1000000,2250000
2016-08-28 21:23:01.124000,1.11894,1.11870,1000000,1000000
2016-08-28 21:23:01.179000,1.11894,1.11870,2250000,1000000
2016-08-28 21:23:01.247000,1.11883,1.11868,1000000,1000000
2016-08-28 21:23:01.765000,1.11882,1.11867,1000000,1000000
2016-08-28 21:23:06.569000,1.11882,1.11866,1000000,1000000
2016-08-28 21:23:10.938000,1.11885,1.11866,1000000,1000000
2016-08-28 21:23:11.014000,1.11882,1.11866,1000000,1000000
2016-08-28 21:23:23.324000,1.11887,1.11866,1000000,1000000
2016-08-28 21:23:25.559000,1.11888,1.11866,1000000,1000000
2016-08-28 21:23:26.077000,1.11887,1.11866,1000000,1000000
2016-08-28 21:23:26.230000,1.11883,1.11866,1000000,1000000
2016-08-28 21:23:31.431000,1.11884,1.11866,1000000,1000000
2016-08-28 21:23:42.090000,1.11877,1.11866,1000000,1000000
2016-08-28 21:23:42.141000,1.11858,1.11855,1000000,1500000
2016-08-28 21:23:42.192000,1.11857,1.11849,1500000,1000000
2016-08-28 21:23:42.244000,1.11856,1.11849,1000000,1000000
2016-08-28 21:23:42.295000,1.11856,1.11848,1000000,750000
2016-08-28 21:23:42.346000,1.11857,1.11833,1000000,1000000
2016-08-28 21:23:42.550000,1.11859,1.11857,750000,1500000
2016-08-28 21:23:42.601000,1.11858,1.11848,1200000,1000000
2016-08-28 21:23:42.652000,1.11858,1.11848,450000,1000000
2016-08-28 21:23:42.703000,1.11871,1.11870,1000000,750000
2016-08-28 21:23:42.755000,1.11877,1.11870,1000000,750000
2016-08-28 21:23:42.805000,1.11880,1.11875,750000,1000000
2016-08-28 21:23:42.856000,1.11881,1.11875,1000000,1000000
2016-08-28 21:23:42.907000,1.11882,1.11877,1000000,1000000
2016-08-28 21:23:42.958000,1.11894,1.11877,1000000,1000000
2016-08-28 21:23:43.355000,1.11894,1.11877,1000000,750000
2016-08-28 21:23:43.668000,1.11894,1.11877,1000000,1000000
2016-08-28 21:23:44.842000,1.11889,1.11877,1000000,1000000
2016-08-28 21:23:46.308000,1.11888,1.11877,1000000,750000
2016-08-28 21:23:46.359000,1.11869,1.11860,750000,1000000
2016-08-28 21:23:46.410000,1.11861,1.11853,1000000,1000000
2016-08-28 21:23:46.462000,1.11857,1.11854,1500000,750000
2016-08-28 21:23:46.513000,1.11861,1.11850,1000000,1000000
2016-08-28 21:23:46.564000,1.11861,1.11845,1500000,1690000
2016-08-28 21:23:46.615000,1.11861,1.11850,1500000,1000000
2016-08-28 21:23:46.666000,1.11861,1.11857,1000000,750000
2016-08-28 21:23:46.717000,1.11869,1.11865,750000,750000
2016-08-28 21:23:46.768000,1.11862,1.11859,1000000,750000
2016-08-28 21:23:46.819000,1.11875,1.11865,1500000,1000000
2016-08-28 21:23:46.870000,1.11882,1.11874,1120000,750000
2016-08-28 21:23:46.920000,1.11882,1.11875,1000000,1000000
2016-08-28 21:23:46.971000,1.11888,1.11875,1000000,1000000
2016-08-28 21:23:47.073000,1.11894,1.11880,1000000,1000000
2016-08-28 21:23:48.887000,1.11889,1.11880,1000000,1000000
2016-08-28 21:23:50.021000,1.11887,1.11875,1000000,750000
2016-08-28 21:23:50.073000,1.11860,1.11856,1500000,1120000
2016-08-28 21:23:50.125000,1.11857,1.11848,3750000,1000000
2016-08-28 21:23:50.176000,1.11857,1.11853,2250000,1000000
2016-08-28 21:23:50.278000,1.11856,1.11848,1000000,1000000
2016-08-28 21:23:50.380000,1.11857,1.11848,3750000,1000000
2016-08-28 21:23:50.523000,1.11855,1.11848,1000000,1000000
2016-08-28 21:23:54.880000,1.11855,1.11848,1500000,1000000
2016-08-28 21:23:54.982000,1.11855,1.11848,1000000,1000000
2016-08-28 21:24:04.026000,1.11857,1.11848,2250000,1000000
2016-08-28 21:24:04.179000,1.11857,1.11848,1500000,1000000
2016-08-28 21:24:04.230000,1.11860,1.11857,1000000,1000000
2016-08-28 21:24:04.281000,1.11862,1.11857,750000,1000000
2016-08-28 21:24:04.333000,1.11864,1.11857,750000,4500000
2016-08-28 21:24:04.435000,1.11879,1.11875,750000,1000000
2016-08-28 21:24:04.485000,1.11882,1.11875,1000000,1000000
2016-08-28 21:24:04.536000,1.11882,1.11875,1000000,1500000
2016-08-28 21:24:04.587000,1.11885,1.11875,1000000,1500000
2016-08-28 21:24:04.638000,1.11885,1.11875,1000000,1000000
2016-08-28 21:24:04.739000,1.11884,1.11875,1000000,1500000
2016-08-28 21:24:07.708000,1.11885,1.11875,1000000,750000
2016-08-28 21:24:07.759000,1.11867,1.11862,750000,1000000
2016-08-28 21:24:07.810000,1.11863,1.11858,1000000,370000
2016-08-28 21:24:07.861000,1.11863,1.11845,1000000,1690000
2016-08-28 21:24:07.912000,1.11859,1.11845,1500000,1690000
2016-08-28 21:24:07.963000,1.11858,1.11845,1000000,2690000
2016-08-28 21:24:08.509000,1.11857,1.11845,1000000,2690000
2016-08-28 21:24:08.699000,1.11858,1.11845,1000000,2440000
2016-08-28 21:24:10.349000,1.11858,1.11845,1000000,1500000
2016-08-28 21:24:11.802000,1.11858,1.11845,1000000,2250000
2016-08-28 21:24:12.667000,1.11857,1.11846,1000000,1000000
2016-08-28 21:24:12.768000,1.11857,1.11849,1000000,1500000
2016-08-28 21:24:12.870000,1.11859,1.11849,1000000,2250000
2016-08-28 21:24:12.990000,1.11860,1.11849,2250000,2250000
2016-08-28 21:24:15.807000,1.11860,1.11849,1500000,2250000
2016-08-28 21:24:18.711000,1.11860,1.11849,2250000,2250000
2016-08-28 21:24:20.216000,1.11858,1.11849,1500000,2250000
2016-08-28 21:24:20.268000,1.11858,1.11850,1500000,1000000
2016-08-28 21:24:20.319000,1.11859,1.11856,1500000,1000000
2016-08-28 21:24:20.421000,1.11878,1.11875,1100000,1500000
2016-08-28 21:24:20.472000,1.11883,1.11875,820000,1500000
2016-08-28 21:24:20.523000,1.11896,1.11877,1100000,1000000
2016-08-28 21:24:20.574000,1.11882,1.11877,1000000,1000000
2016-08-28 21:24:21.212000,1.11883,1.11877,1000000,1000000
2016-08-28 21:24:21.619000,1.11883,1.11880,1000000,1500000
2016-08-28 21:24:22.263000,1.11883,1.11880,1000000,1000000
2016-08-28 21:24:22.364000,1.11884,1.11876,1000000,1000000
2016-08-28 21:24:23.122000,1.11883,1.11876,1000000,1000000
2016-08-28 21:24:30.382000,1.11890,1.11876,1000000,1000000
2016-08-28 21:24:31.729000,1.11890,1.11875,1000000,1500000
2016-08-28 21:24:31.830000,1.11892,1.11876,1000000,1000000
2016-08-28 21:24:31.932000,1.11884,1.11876,1000000,1000000
2016-08-28 21:24:35.835000,1.11891,1.11876,1000000,1000000
2016-08-28 21:24:40.355000,1.11886,1.11876,1000000,1000000
2016-08-28 21:24:46.625000,1.11884,1.11876,1000000,1000000
2016-08-28 21:24:46.795000,1.11886,1.11876,1000000,1000000
2016-08-28 21:24:51.996000,1.11886,1.11880,1000000,1000000
2016-08-28 21:24:52.148000,1.11888,1.11880,1000000,1000000
2016-08-28 21:24:53.054000,1.11888,1.11880,1000000,1500000
2016-08-28 21:24:53.104000,1.11896,1.11880,1000000,1500000
2016-08-28 21:24:53.224000,1.11891,1.11880,1000000,1500000
2016-08-28 21:24:59.718000,1.11891,1.11880,1000000,1000000
2016-08-28 21:24:59.769000,1.11891,1.11879,1000000,1500000
2016-08-28 21:24:59.820000,1.11891,1.11879,1000000,1000000
2016-08-28 21:25:00.190000,1.11887,1.11879,1000000,1000000
2016-08-28 21:25:15.519000,1.11889,1.11879,1000000,1000000
2016-08-28 21:25:16.083000,1.11888,1.11879,1000000,1000000
2016-08-28 21:25:40.196000,1.11888,1.11879,1000000,750000
2016-08-28 21:25:40.247000,1.11888,1.11867,1000000,1000000
2016-08-28 21:25:42.754000,1.11888,1.11875,1000000,1000000
2016-08-28 21:25:43.507000,1.11888,1.11878,1000000,1000000
2016-08-28 21:25:45.798000,1.11888,1.11880,1000000,1000000
2016-08-28 21:25:45.849000,1.11888,1.11881,1000000,1000000
2016-08-28 21:25:45.950000,1.11891,1.11881,1000000,1000000
2016-08-28 21:25:46.044000,1.11895,1.11881,1000000,1000000
2016-08-28 21:26:00.789000,1.11887,1.11881,1000000,1000000
2016-08-28 21:26:20.151000,1.11887,1.11881,1000000,750000
2016-08-28 21:26:20.202000,1.11887,1.11866,1000000,1000000
2016-08-28 21:26:25.473000,1.11887,1.11881,1000000,750000
2016-08-28 21:26:28.727000,1.11887,1.11881,1000000,1000000
2016-08-28 21:26:36.792000,1.11886,1.11881,1000000,1000000
2016-08-28 21:27:00.086000,1.11886,1.11881,1000000,750000
2016-08-28 21:27:00.187000,1.11886,1.11865,1000000,1000000
2016-08-28 21:27:24.020000,1.11893,1.11862,1000000,1000000
2016-08-28 21:27:30.457000,1.11893,1.11880,1000000,750000
2016-08-28 21:27:31.709000,1.11893,1.11880,1000000,1500000
2016-08-28 21:27:32.530000,1.11893,1.11880,1000000,1000000
2016-08-28 21:27:32.710000,1.11893,1.11880,1000000,1500000
2016-08-28 21:27:33.758000,1.11893,1.11880,1000000,1000000
2016-08-28 21:27:34.728000,1.11893,1.11880,1000000,1500000
2016-08-28 21:27:39.748000,1.11893,1.11880,1000000,1000000
2016-08-28 21:27:40.119000,1.11893,1.11880,1000000,750000
2016-08-28 21:27:40.226000,1.11893,1.11862,1000000,1000000
2016-08-28 21:27:56.343000,1.11893,1.11881,1000000,750000
2016-08-28 21:27:56.756000,1.11893,1.11881,1000000,1000000
2016-08-28 21:28:30.092000,1.11893,1.11881,1000000,750000
2016-08-28 21:28:30.193000,1.11893,1.11862,1000000,1000000
2016-08-28 21:28:35.485000,1.11893,1.11881,1000000,750000
2016-08-28 21:28:35.722000,1.11893,1.11881,1000000,1000000
2016-08-28 21:29:07.528000,1.11893,1.11880,1000000,1000000
2016-08-28 21:29:07.604000,1.11893,1.11878,1000000,1000000
2016-08-28 21:29:10.150000,1.11893,1.11875,1000000,750000
2016-08-28 21:29:10.201000,1.11893,1.11860,1000000,1000000
2016-08-28 21:29:14.648000,1.11893,1.11861,1000000,2620000
2016-08-28 21:29:14.698000,1.11893,1.11880,1000000,750000
2016-08-28 21:29:14.749000,1.11893,1.11880,1000000,1500000
2016-08-28 21:29:22.608000,1.11893,1.11880,1000000,1000000
2016-08-28 21:29:22.710000,1.11893,1.11878,1000000,1000000
2016-08-28 21:29:23.322000,1.11894,1.11878,1000000,1000000
2016-08-28 21:29:25.518000,1.11893,1.11878,1000000,1000000
2016-08-28 21:29:30.083000,1.11893,1.11878,1000000,750000
2016-08-28 21:29:30.184000,1.11893,1.11859,1000000,1000000
2016-08-28 21:29:37.579000,1.11893,1.11859,1000000,1500000
2016-08-28 21:29:37.630000,1.11893,1.11875,1000000,750000
2016-08-28 21:29:37.684000,1.11893,1.11879,1000000,1000000
2016-08-28 21:29:38.710000,1.11893,1.11880,1000000,1000000
2016-08-28 21:29:38.761000,1.11893,1.11881,1000000,1000000
2016-08-28 21:29:38.862000,1.11900,1.11881,2250000,1000000
2016-08-28 21:29:38.964000,1.11893,1.11881,1000000,1000000
2016-08-28 21:29:54.545000,1.11894,1.11881,1000000,1000000
2016-08-28 21:29:54.799000,1.11894,1.11883,1000000,1000000
2016-08-28 21:29:55.219000,1.11892,1.11883,1000000,1000000
2016-08-28 21:29:56.444000,1.11893,1.11883,1000000,1000000
2016-08-28 21:30:00.860000,1.11902,1.11883,1570000,1000000
2016-08-28 21:30:00.962000,1.11895,1.11883,1000000,1000000
2016-08-28 21:30:01.470000,1.11896,1.11883,1000000,1000000
2016-08-28 21:30:02.130000,1.11897,1.11883,1000000,1000000
2016-08-28 21:30:02.649000,1.11896,1.11883,1000000,1000000
2016-08-28 21:30:14.786000,1.11897,1.11883,1000000,1000000
2016-08-28 21:30:30.151000,1.11897,1.11881,1000000,1000000
2016-08-28 21:30:33.472000,1.11897,1.11883,1000000,1000000
2016-08-28 21:30:51.792000,1.11897,1.11885,1000000,1500000
2016-08-28 21:30:51.894000,1.11899,1.11885,1000000,1500000
2016-08-28 21:30:52.199000,1.11902,1.11885,1500000,1500000
2016-08-28 21:30:52.301000,1.11898,1.11885,1000000,1500000
2016-08-28 21:30:52.518000,1.11902,1.11885,1500000,1500000
2016-08-28 21:30:52.620000,1.11900,1.11885,1000000,1500000
2016-08-28 21:30:58.529000,1.11899,1.11885,1000000,1500000
2016-08-28 21:30:58.885000,1.11899,1.11885,1000000,1000000
2016-08-28 21:30:59.302000,1.11899,1.11890,1000000,1000000
2016-08-28 21:30:59.403000,1.11899,1.11896,1000000,1000000
2016-08-28 21:30:59.505000,1.11902,1.11890,1500000,2250000
2016-08-28 21:30:59.708000,1.11899,1.11890,1000000,2250000
2016-08-28 21:30:59.809000,1.11901,1.11887,1000000,1000000
2016-08-28 21:30:59.911000,1.11902,1.11887,1500000,1000000
2016-08-28 21:31:00.201000,1.11902,1.11887,2250000,1000000
2016-08-28 21:31:02.226000,1.11899,1.11887,1000000,1000000
2016-08-28 21:31:02.749000,1.11900,1.11887,1000000,1000000
2016-08-28 21:31:03.327000,1.11899,1.11887,1000000,1000000
2016-08-28 21:31:05.730000,1.11900,1.11887,1000000,1000000
2016-08-28 21:31:06.254000,1.11899,1.11887,1000000,1000000
2016-08-28 21:31:06.818000,1.11900,1.11887,1000000,1000000
2016-08-28 21:31:07.355000,1.11899,1.11887,1000000,1000000
2016-08-28 21:31:07.947000,1.11900,1.11887,1000000,1000000
2016-08-28 21:31:08.909000,1.11899,1.11887,1000000,1000000
2016-08-28 21:31:20.970000,1.11899,1.11889,1000000,1000000
2016-08-28 21:31:21.511000,1.11899,1.11891,1000000,1000000
2016-08-28 21:31:24.221000,1.11898,1.11891,1000000,1000000
2016-08-28 21:31:33.345000,1.11898,1.11896,1000000,1000000
2016-08-28 21:31:33.426000,1.11901,1.11899,1500000,1000000
2016-08-28 21:31:33.478000,1.11902,1.11899,3750000,1750000
2016-08-28 21:31:33.529000,1.11902,1.11899,3000000,1750000
2016-08-28 21:31:33.632000,1.11901,1.11899,1000000,1500000
2016-08-28 21:31:33.741000,1.11902,1.11899,2250000,1750000
2016-08-28 21:31:36.634000,1.11900,1.11897,1000000,750000
2016-08-28 21:31:37.370000,1.11901,1.11899,1000000,750000
2016-08-28 21:31:43.136000,1.11900,1.11897,1000000,750000
2016-08-28 21:31:43.237000,1.11902,1.11899,2250000,750000
2016-08-28 21:31:43.836000,1.11902,1.11899,1500000,750000
2016-08-28 21:31:45.438000,1.11902,1.11899,2250000,750000
2016-08-28 21:31:45.489000,1.11902,1.11898,2250000,1000000
2016-08-28 21:31:45.590000,1.11902,1.11890,2250000,1500000
2016-08-28 21:31:45.722000,1.11902,1.11890,1500000,1500000
2016-08-28 21:31:45.773000,1.11902,1.11890,2250000,1000000
2016-08-28 21:31:45.874000,1.11902,1.11890,2250000,1500000
2016-08-28 21:31:46.462000,1.11902,1.11897,2250000,1000000
2016-08-28 21:31:46.564000,1.11902,1.11896,2250000,750000
2016-08-28 21:31:46.665000,1.11902,1.11896,2250000,1000000
2016-08-28 21:31:47.089000,1.11902,1.11896,1500000,1000000
2016-08-28 21:31:47.140000,1.11902,1.11896,2250000,1000000
2016-08-28 21:31:56.691000,1.11902,1.11899,2250000,1000000
2016-08-28 21:31:56.792000,1.11902,1.11898,1000000,750000
2016-08-28 21:31:57.744000,1.11902,1.11897,1000000,750000
2016-08-28 21:31:57.979000,1.11901,1.11889,1000000,1000000
2016-08-28 21:31:58.208000,1.11901,1.11886,1000000,1000000
2016-08-28 21:31:58.683000,1.11901,1.11890,1000000,1000000
2016-08-28 21:31:59.009000,1.11901,1.11886,1000000,1000000
2016-08-28 21:31:59.059000,1.11901,1.11884,1000000,1000000
2016-08-28 21:31:59.161000,1.11902,1.11883,1000000,1500000
2016-08-28 21:31:59.262000,1.11901,1.11885,1000000,1000000
2016-08-28 21:31:59.313000,1.11901,1.11885,1000000,1500000
2016-08-28 21:31:59.414000,1.11901,1.11885,1000000,1000000
2016-08-28 21:31:59.566000,1.11902,1.11897,1000000,3250000
2016-08-28 21:31:59.617000,1.11902,1.11899,1000000,1000000
2016-08-28 21:31:59.668000,1.11903,1.11895,2250000,1000000
2016-08-28 21:31:59.769000,1.11901,1.11895,2250000,1000000
2016-08-28 21:32:00.073000,1.11905,1.11895,1000000,1000000
2016-08-28 21:32:00.124000,1.11905,1.11895,1000000,1000000
2016-08-28 21:32:00.225000,1.11905,1.11893,1000000,1000000
2016-08-28 21:32:00.378000,1.11904,1.11891,1000000,750000
2016-08-28 21:32:00.429000,1.11904,1.11877,1500000,1500000
2016-08-28 21:32:00.480000,1.11898,1.11879,1000000,1000000
2016-08-28 21:32:00.694000,1.11900,1.11872,1320000,1000000
2016-08-28 21:32:00.796000,1.11900,1.11869,2250000,3000000
2016-08-28 21:32:00.898000,1.11900,1.11868,1500000,1000000
2016-08-28 21:32:00.952000,1.11896,1.11868,1000000,1000000
2016-08-28 21:32:01.278000,1.11896,1.11872,1000000,1000000
2016-08-28 21:32:01.379000,1.11900,1.11872,1000000,1000000
2016-08-28 21:32:01.582000,1.11897,1.11872,1000000,1000000
2016-08-28 21:32:01.684000,1.11900,1.11872,1000000,1000000
2016-08-28 21:32:01.785000,1.11898,1.11872,1000000,1000000
2016-08-28 21:32:01.887000,1.11900,1.11872,1000000,1000000
2016-08-28 21:32:03.769000,1.11900,1.11869,2250000,1500000
2016-08-28 21:32:03.821000,1.11897,1.11865,1000000,1000000
2016-08-28 21:32:03.872000,1.11897,1.11868,1000000,1000000
2016-08-28 21:32:03.973000,1.11895,1.11865,1000000,1000000
2016-08-28 21:32:04.075000,1.11896,1.11864,1000000,1870000
2016-08-28 21:32:04.125000,1.11896,1.11864,1000000,1000000
2016-08-28 21:32:04.177000,1.11897,1.11864,1000000,1000000
2016-08-28 21:32:04.278000,1.11896,1.11864,1000000,1000000
2016-08-28 21:32:06.379000,1.11879,1.11864,900000,1000000
2016-08-28 21:32:06.430000,1.11879,1.11860,900000,2250000
2016-08-28 21:32:06.482000,1.11893,1.11860,1000000,1500000
2016-08-28 21:32:06.533000,1.11895,1.11863,1000000,1000000
2016-08-28 21:32:06.583000,1.11895,1.11863,1500000,1000000
2016-08-28 21:32:06.634000,1.11895,1.11864,2250000,1500000
2016-08-28 21:32:06.685000,1.11895,1.11864,1500000,1500000
2016-08-28 21:32:06.736000,1.11895,1.11863,1500000,1500000
2016-08-28 21:32:06.787000,1.11890,1.11863,1000000,1500000
2016-08-28 21:32:06.888000,1.11894,1.11863,1120000,1500000
2016-08-28 21:32:06.939000,1.11895,1.11864,2250000,1000000
2016-08-28 21:32:06.989000,1.11889,1.11864,1000000,1000000
2016-08-28 21:32:07.040000,1.11889,1.11863,1000000,1500000
2016-08-28 21:32:07.575000,1.11890,1.11863,1000000,1500000
2016-08-28 21:32:10.402000,1.11890,1.11863,1000000,1000000
2016-08-28 21:32:10.453000,1.11890,1.11860,1000000,1000000
2016-08-28 21:32:10.561000,1.11892,1.11859,1000000,1000000
2016-08-28 21:32:10.612000,1.11892,1.11860,1000000,1000000
2016-08-28 21:32:10.714000,1.11891,1.11859,1000000,1000000
2016-08-28 21:32:11.018000,1.11892,1.11860,1000000,1000000
2016-08-28 21:32:14.089000,1.11892,1.11859,1000000,1500000
2016-08-28 21:32:14.490000,1.11892,1.11860,1000000,1000000
2016-08-28 21:32:14.592000,1.11892,1.11859,1000000,1500000
2016-08-28 21:32:14.693000,1.11892,1.11860,1000000,1000000
2016-08-28 21:32:16.425000,1.11892,1.11860,1000000,1500000
2016-08-28 21:32:16.527000,1.11892,1.11861,1000000,1000000
2016-08-28 21:32:16.680000,1.11894,1.11861,1000000,1000000
2016-08-28 21:32:16.781000,1.11890,1.11861,1000000,1000000
2016-08-28 21:32:17.495000,1.11888,1.11861,1170000,1000000
2016-08-28 21:32:17.597000,1.11891,1.11861,1000000,1000000
2016-08-28 21:32:17.648000,1.11891,1.11858,1000000,1000000
2016-08-28 21:32:17.699000,1.11887,1.11858,1000000,1000000
2016-08-28 21:32:17.801000,1.11890,1.11857,2400000,1000000
2016-08-28 21:32:17.852000,1.11888,1.11857,1150000,1000000
2016-08-28 21:32:17.903000,1.11884,1.11857,1100000,1000000
2016-08-28 21:32:17.954000,1.11880,1.11855,1000000,1500000
2016-08-28 21:32:18.056000,1.11880,1.11852,1500000,1000000
2016-08-28 21:32:18.107000,1.11880,1.11852,3070000,1000000
2016-08-28 21:32:18.209000,1.11865,1.11852,1000000,1000000
2016-08-28 21:32:18.735000,1.11864,1.11852,1000000,1000000
2016-08-28 21:32:19.305000,1.11864,1.11853,1000000,1000000
2016-08-28 21:32:37.892000,1.11864,1.11856,1000000,1000000
2016-08-28 21:32:37.994000,1.11870,1.11856,1000000,1690000
2016-08-28 21:32:38.044000,1.11890,1.11871,1190000,750000
2016-08-28 21:32:38.095000,1.11880,1.11875,2500000,1000000
2016-08-28 21:32:38.146000,1.11900,1.11885,3190000,1000000
2016-08-28 21:32:38.197000,1.11900,1.11885,3000000,1000000
2016-08-28 21:32:38.248000,1.11900,1.11890,1000000,1000000
2016-08-28 21:32:38.299000,1.11889,1.11888,1000000,1500000
2016-08-28 21:32:38.350000,1.11900,1.11892,1000000,1000000
2016-08-28 21:32:38.401000,1.11899,1.11892,1500000,1000000
2016-08-28 21:32:38.502000,1.11893,1.11892,1000000,1000000
2016-08-28 21:32:40.171000,1.11894,1.11892,1000000,1000000
2016-08-28 21:32:40.334000,1.11893,1.11888,1000000,1000000
2016-08-28 21:32:40.384000,1.11893,1.11890,1000000,1000000
2016-08-28 21:32:40.435000,1.11893,1.11892,1000000,1000000
2016-08-28 21:32:41.039000,1.11893,1.11891,1000000,1000000
2016-08-28 21:32:41.541000,1.11893,1.11892,1000000,1000000
2016-08-28 21:32:43.098000,1.11893,1.11891,1000000,1000000
2016-08-28 21:32:43.646000,1.11893,1.11892,1000000,1000000
2016-08-28 21:32:47.139000,1.11894,1.11892,1000000,1000000
2016-08-28 21:32:47.954000,1.11894,1.11890,1000000,1500000
2016-08-28 21:32:48.006000,1.11893,1.11890,1000000,1000000
2016-08-28 21:32:48.060000,1.11893,1.11887,1000000,1000000
2016-08-28 21:32:48.120000,1.11893,1.11890,1000000,1000000
2016-08-28 21:32:48.177000,1.11893,1.11890,1000000,1000000
2016-08-28 21:32:48.278000,1.11893,1.11889,1000000,1000000
2016-08-28 21:32:48.380000,1.11894,1.11892,1000000,1000000
2016-08-28 21:32:48.532000,1.11898,1.11892,1000000,1000000
2016-08-28 21:32:48.737000,1.11893,1.11892,1000000,1000000
2016-08-28 21:32:49.270000,1.11893,1.11891,1000000,1000000
2016-08-28 21:32:49.857000,1.11893,1.11892,1000000,1000000
2016-08-28 21:32:51.575000,1.11893,1.11890,1000000,1500000
2016-08-28 21:32:51.626000,1.11896,1.11890,1000000,750000
2016-08-28 21:32:51.677000,1.11896,1.11883,1000000,1000000
2016-08-28 21:32:51.728000,1.11901,1.11883,1000000,1000000
2016-08-28 21:32:51.829000,1.11896,1.11883,1000000,1000000
2016-08-28 21:32:52.134000,1.11888,1.11882,1000000,1000000
2016-08-28 21:32:55.822000,1.11889,1.11885,1000000,1000000
2016-08-28 21:32:55.873000,1.11889,1.11885,1000000,1500000
2016-08-28 21:32:56.391000,1.11890,1.11885,1000000,1500000
2016-08-28 21:32:57.842000,1.11889,1.11885,1000000,1500000
2016-08-28 21:32:58.627000,1.11889,1.11885,1000000,1000000
2016-08-28 21:32:58.894000,1.11890,1.11885,1000000,1500000
2016-08-28 21:33:00.283000,1.11889,1.11885,1000000,1500000
2016-08-28 21:33:00.435000,1.11893,1.11885,1000000,1500000
2016-08-28 21:33:00.547000,1.11889,1.11885,1000000,1500000
2016-08-28 21:33:01.432000,1.11889,1.11885,1000000,1000000
2016-08-28 21:33:01.603000,1.11889,1.11885,1000000,1500000
2016-08-28 21:33:02.102000,1.11888,1.11880,1000000,1500000
2016-08-28 21:33:02.204000,1.11889,1.11885,1000000,1500000
2016-08-28 21:33:02.306000,1.11889,1.11886,1000000,1000000
2016-08-28 21:33:03.341000,1.11890,1.11886,1000000,1000000
2016-08-28 21:33:03.863000,1.11889,1.11886,1000000,1000000
2016-08-28 21:33:24.915000,1.11890,1.11886,1000000,1000000
2016-08-28 21:33:40.104000,1.11888,1.11886,1000000,750000
2016-08-28 21:33:40.156000,1.11888,1.11870,1000000,1000000
2016-08-28 21:33:40.207000,1.11888,1.11868,1000000,1500000
2016-08-28 21:33:40.257000,1.11892,1.11878,1000000,750000
2016-08-28 21:33:40.308000,1.11892,1.11880,1000000,1000000
2016-08-28 21:33:40.359000,1.11893,1.11883,1000000,1000000
2016-08-28 21:33:40.410000,1.11893,1.11885,1000000,1000000
2016-08-28 21:33:40.461000,1.11889,1.11886,1000000,1000000
2016-08-28 21:33:40.562000,1.11894,1.11886,1000000,1000000
2016-08-28 21:33:48.150000,1.11894,1.11870,1000000,1000000
2016-08-28 21:33:50.797000,1.11894,1.11869,1000000,1500000
2016-08-28 21:33:50.877000,1.11894,1.11870,1000000,1000000
2016-08-28 21:33:59.095000,1.11894,1.11869,1000000,1000000
2016-08-28 21:33:59.596000,1.11894,1.11870,1000000,1000000
2016-08-28 21:34:02.101000,1.11894,1.11869,1000000,1000000
2016-08-28 21:34:02.639000,1.11894,1.11870,1000000,1000000
2016-08-28 21:34:05.324000,1.11894,1.11869,1000000,1000000
2016-08-28 21:34:05.630000,1.11894,1.11885,1000000,750000
2016-08-28 21:34:06.262000,1.11899,1.11885,1120000,1500000
2016-08-28 21:34:06.313000,1.11894,1.11885,1000000,1000000
2016-08-28 21:34:06.415000,1.11894,1.11881,1000000,1500000
2016-08-28 21:34:07.307000,1.11902,1.11885,1500000,1500000
2016-08-28 21:34:07.459000,1.11902,1.11886,1500000,1000000
2016-08-28 21:34:07.561000,1.11899,1.11885,1120000,1500000
2016-08-28 21:34:07.662000,1.11902,1.11885,1500000,1500000
2016-08-28 21:34:10.750000,1.11902,1.11871,1500000,1000000
2016-08-28 21:34:11.520000,1.11902,1.11885,1500000,750000
2016-08-28 21:34:12.190000,1.11902,1.11884,1500000,750000
2016-08-28 21:34:13.924000,1.11902,1.11885,1500000,750000
2016-08-28 21:34:15.558000,1.11902,1.11884,1500000,750000
2016-08-28 21:34:15.887000,1.11894,1.11871,1000000,1000000
2016-08-28 21:34:15.988000,1.11899,1.11885,1120000,750000
2016-08-28 21:34:16.039000,1.11899,1.11885,1120000,1000000
2016-08-28 21:34:16.140000,1.11899,1.11885,1120000,1500000
2016-08-28 21:34:19.743000,1.11899,1.11885,1120000,1000000
2016-08-28 21:34:23.793000,1.11899,1.11885,1120000,1500000
2016-08-28 21:34:26.596000,1.11899,1.11881,1130000,1500000
2016-08-28 21:34:26.697000,1.11902,1.11886,1500000,1000000
2016-08-28 21:34:26.799000,1.11894,1.11887,1000000,1000000
2016-08-28 21:34:32.676000,1.11890,1.11875,1000000,1500000
2016-08-28 21:34:33.006000,1.11904,1.11875,1000000,1500000
2016-08-28 21:34:34.708000,1.11904,1.11885,1000000,750000
2016-08-28 21:34:37.011000,1.11890,1.11873,1000000,1000000
2016-08-28 21:34:37.112000,1.11904,1.11885,1000000,1000000
2016-08-28 21:34:38.007000,1.11904,1.11885,1000000,1500000
2016-08-28 21:34:38.818000,1.11904,1.11891,1000000,1000000
2016-08-28 21:34:46.797000,1.11894,1.11890,1000000,1500000
2016-08-28 21:34:49.026000,1.11893,1.11890,1000000,1000000
2016-08-28 21:34:49.128000,1.11895,1.11887,1000000,1000000
2016-08-28 21:34:49.230000,1.11892,1.11887,1000000,1000000
2016-08-28 21:34:50.600000,1.11893,1.11887,1000000,1000000
2016-08-28 21:34:54.847000,1.11892,1.11887,1000000,1000000
2016-08-28 21:34:55.455000,1.11891,1.11886,1000000,1000000
2016-08-28 21:35:06.839000,1.11895,1.11886,1000000,1000000
2016-08-28 21:35:06.941000,1.11895,1.11885,1000000,1500000
2016-08-28 21:35:07.167000,1.11895,1.11886,1000000,1000000
2016-08-28 21:35:11.665000,1.11895,1.11885,1000000,1500000
2016-08-28 21:35:11.786000,1.11886,1.11884,750000,1500000
2016-08-28 21:35:11.837000,1.11875,1.11867,1000000,1000000
2016-08-28 21:35:11.888000,1.11875,1.11867,1500000,1000000
2016-08-28 21:35:11.990000,1.11875,1.11867,2250000,1000000
2016-08-28 21:35:12.041000,1.11868,1.11865,2250000,1000000
2016-08-28 21:35:12.244000,1.11868,1.11860,2250000,1000000
2016-08-28 21:35:12.345000,1.11875,1.11864,1000000,1000000
2016-08-28 21:35:12.447000,1.11879,1.11865,1000000,1000000
2016-08-28 21:35:12.751000,1.11879,1.11867,1000000,1000000
2016-08-28 21:35:12.853000,1.11883,1.11869,1000000,1000000
2016-08-28 21:35:12.954000,1.11883,1.11870,1000000,1000000
2016-08-28 21:35:13.055000,1.11881,1.11875,1000000,1000000
2016-08-28 21:35:13.157000,1.11885,1.11875,1120000,1000000
2016-08-28 21:35:13.259000,1.11890,1.11875,1500000,1500000
2016-08-28 21:35:13.361000,1.11886,1.11875,1000000,1500000
2016-08-28 21:35:13.563000,1.11887,1.11875,1000000,1000000
2016-08-28 21:35:13.825000,1.11891,1.11878,1000000,1000000
2016-08-28 21:35:13.876000,1.11891,1.11884,1000000,1500000
2016-08-28 21:35:13.978000,1.11897,1.11888,1000000,1000000
2016-08-28 21:35:14.029000,1.11895,1.11888,1000000,1000000
2016-08-28 21:35:16.425000,1.11899,1.11891,1000000,1000000
2016-08-28 21:35:16.476000,1.11899,1.11894,1000000,1000000
2016-08-28 21:35:16.527000,1.11902,1.11894,1500000,1000000
2016-08-28 21:35:16.578000,1.11903,1.11900,2250000,1000000
2016-08-28 21:35:16.629000,1.11903,1.11900,1500000,1000000
2016-08-28 21:35:16.781000,1.11903,1.11899,1500000,1500000
2016-08-28 21:35:16.882000,1.11903,1.11900,1500000,1000000
2016-08-28 21:35:20.756000,1.11903,1.11899,1500000,1500000
2016-08-28 21:35:22.159000,1.11903,1.11900,1500000,1000000
2016-08-28 21:35:28.690000,1.11903,1.11899,1500000,1500000
2016-08-28 21:35:29.071000,1.11903,1.11900,1500000,1000000
2016-08-28 21:35:34.681000,1.11903,1.11899,1500000,1500000
2016-08-28 21:35:35.507000,1.11903,1.11900,1500000,1000000
2016-08-28 21:35:36.584000,1.11903,1.11899,1500000,1500000
2016-08-28 21:35:37.426000,1.11903,1.11900,1500000,1000000
2016-08-28 21:35:38.679000,1.11905,1.11900,1000000,1000000
2016-08-28 21:35:38.730000,1.11906,1.11902,1100000,750000
2016-08-28 21:35:38.883000,1.11907,1.11903,1120000,750000
2016-08-28 21:35:39.085000,1.11908,1.11903,1500000,1000000
2016-08-28 21:35:39.630000,1.11908,1.11900,1500000,1000000
2016-08-28 21:35:39.681000,1.11908,1.11903,1500000,1000000
2016-08-28 21:35:40.339000,1.11908,1.11902,1500000,1000000
2016-08-28 21:35:41.308000,1.11908,1.11904,1500000,1000000
2016-08-28 21:35:41.359000,1.11909,1.11904,1750000,1000000
2016-08-28 21:35:41.410000,1.11909,1.11905,1750000,1500000
2016-08-28 21:35:41.461000,1.11908,1.11905,1500000,1500000
2016-08-28 21:35:41.979000,1.11908,1.11905,1000000,1000000
2016-08-28 21:35:42.082000,1.11911,1.11908,1000000,1000000
2016-08-28 21:35:42.184000,1.11914,1.11908,1000000,1000000
2016-08-28 21:35:42.286000,1.11916,1.11908,1000000,1000000
2016-08-28 21:35:48.758000,1.11914,1.11908,1000000,1000000
2016-08-28 21:35:48.894000,1.11916,1.11908,1000000,1000000
2016-08-28 21:35:49.912000,1.11916,1.11913,1000000,750000
2016-08-28 21:35:49.963000,1.11917,1.11913,1000000,1000000
2016-08-28 21:35:50.014000,1.11917,1.11910,1000000,1000000
2016-08-28 21:35:50.268000,1.11915,1.11909,1000000,1000000
2016-08-28 21:35:55.831000,1.11918,1.11917,1500000,1000000
2016-08-28 21:35:55.881000,1.11922,1.11917,5440000,1000000
2016-08-28 21:35:55.932000,1.11922,1.11914,5440000,1000000
2016-08-28 21:35:55.983000,1.11920,1.11914,1190000,1000000
2016-08-28 21:35:56.034000,1.11919,1.11913,1000000,1000000
2016-08-28 21:35:56.136000,1.11922,1.11912,1500000,1500000
2016-08-28 21:35:56.187000,1.11920,1.11912,1000000,1000000
2016-08-28 21:35:56.238000,1.11920,1.11909,1000000,1000000
2016-08-28 21:35:56.289000,1.11917,1.11909,1000000,1000000
2016-08-28 21:35:56.593000,1.11915,1.11907,1000000,1000000
2016-08-28 21:35:56.644000,1.11915,1.11910,1000000,1000000
2016-08-28 21:35:56.746000,1.11915,1.11904,1000000,1000000
2016-08-28 21:35:57.062000,1.11911,1.11908,1000000,1000000
2016-08-28 21:35:58.013000,1.11911,1.11909,1000000,1000000
2016-08-28 21:35:58.064000,1.11913,1.11909,1000000,1000000
2016-08-28 21:35:58.574000,1.11912,1.11909,1000000,1000000
2016-08-28 21:36:06.297000,1.11911,1.11909,1000000,1000000
2016-08-28 21:36:06.548000,1.11917,1.11915,3000000,1000000
2016-08-28 21:36:06.599000,1.11911,1.11910,1000000,1500000
2016-08-28 21:36:06.650000,1.11918,1.11917,3000000,1000000
2016-08-28 21:36:06.704000,1.11916,1.11912,1000000,1750000
2016-08-28 21:36:06.759000,1.11916,1.11912,1000000,1500000
2016-08-28 21:36:06.860000,1.11916,1.11911,1000000,1750000
2016-08-28 21:36:06.911000,1.11912,1.11908,1000000,1500000
2016-08-28 21:36:06.962000,1.11916,1.11912,2440000,1000000
2016-08-28 21:36:07.013000,1.11912,1.11909,1000000,1500000
2016-08-28 21:36:07.603000,1.11912,1.11908,1000000,1500000
2016-08-28 21:36:09.172000,1.11915,1.11909,1000000,1500000
2016-08-28 21:36:09.657000,1.11915,1.11909,1000000,750000
2016-08-28 21:36:10.608000,1.11915,1.11911,1000000,750000
2016-08-28 21:36:10.659000,1.11916,1.11911,1250000,750000
2016-08-28 21:36:10.710000,1.11915,1.11910,1000000,750000
2016-08-28 21:36:10.862000,1.11915,1.11911,1000000,1000000
2016-08-28 21:36:11.399000,1.11914,1.11911,1000000,1000000
2016-08-28 21:36:12.264000,1.11917,1.11915,1000000,1000000
2016-08-28 21:36:12.315000,1.11914,1.11911,1000000,1000000
2016-08-28 21:36:12.366000,1.11914,1.11903,1000000,1000000
2016-08-28 21:36:12.417000,1.11916,1.11903,1000000,1000000
2016-08-28 21:36:12.475000,1.11918,1.11903,1000000,1500000
2016-08-28 21:36:12.627000,1.11918,1.11912,1000000,1000000
2016-08-28 21:36:12.728000,1.11918,1.11903,1000000,1000000
2016-08-28 21:36:12.779000,1.11922,1.11900,3000000,1120000
2016-08-28 21:36:12.830000,1.11922,1.11900,5060000,1000000
2016-08-28 21:36:12.881000,1.11913,1.11900,1000000,1000000
2016-08-28 21:36:12.932000,1.11913,1.11893,1000000,2250000
2016-08-28 21:36:13.034000,1.11913,1.11893,1000000,1000000
2016-08-28 21:36:13.553000,1.11912,1.11893,1000000,1000000
2016-08-28 21:36:34.593000,1.11912,1.11893,1500000,1000000
2016-08-28 21:36:34.823000,1.11909,1.11893,1000000,1000000
2016-08-28 21:36:35.127000,1.11911,1.11892,1000000,1000000
2016-08-28 21:36:35.782000,1.11910,1.11893,1000000,1000000
2016-08-28 21:36:36.949000,1.11910,1.11894,1500000,1000000
2016-08-28 21:36:38.451000,1.11910,1.11893,1000000,1500000
2016-08-28 21:36:46.457000,1.11909,1.11893,1000000,1500000
2016-08-28 21:36:46.610000,1.11909,1.11893,1500000,1500000
2016-08-28 21:36:50.207000,1.11907,1.11893,1000000,1000000
2016-08-28 21:36:52.803000,1.11909,1.11893,1500000,1500000
2016-08-28 21:36:52.905000,1.11907,1.11893,1000000,1000000
2016-08-28 21:36:53.209000,1.11909,1.11894,1000000,1000000
2016-08-28 21:36:53.311000,1.11910,1.11893,1500000,1000000
2016-08-28 21:36:53.412000,1.11908,1.11893,1000000,1000000
2016-08-28 21:36:53.518000,1.11909,1.11893,1500000,1000000
2016-08-28 21:36:54.765000,1.11908,1.11893,1000000,1000000
2016-08-28 21:36:55.273000,1.11907,1.11893,1000000,1000000
2016-08-28 21:36:55.811000,1.11906,1.11893,1000000,1000000
2016-08-28 21:36:56.767000,1.11907,1.11893,1500000,1000000
2016-08-28 21:36:56.818000,1.11907,1.11893,1000000,1000000
2016-08-28 21:37:15.911000,1.11908,1.11893,1500000,1000000
2016-08-28 21:37:16.012000,1.11907,1.11893,1000000,1000000
2016-08-28 21:37:16.215000,1.11908,1.11893,1500000,1000000
2016-08-28 21:37:16.265000,1.11908,1.11892,1000000,1000000
2016-08-28 21:37:16.773000,1.11907,1.11892,1000000,1000000
2016-08-28 21:37:18.437000,1.11908,1.11893,1500000,1000000
2016-08-28 21:37:18.543000,1.11909,1.11893,1500000,1500000
2016-08-28 21:37:20.231000,1.11908,1.11893,1000000,1000000
2016-08-28 21:37:20.333000,1.11909,1.11893,1500000,1000000
2016-08-28 21:37:20.872000,1.11908,1.11893,1000000,1000000
2016-08-28 21:37:21.139000,1.11909,1.11893,1500000,1000000
2016-08-28 21:37:28.084000,1.11908,1.11893,1000000,1000000
2016-08-28 21:37:34.909000,1.11907,1.11891,1000000,1500000
2016-08-28 21:37:34.960000,1.11907,1.11891,1000000,1000000
2016-08-28 21:37:35.062000,1.11906,1.11891,1000000,1500000
2016-08-28 21:37:35.112000,1.11906,1.11892,1000000,1000000
2016-08-28 21:37:35.675000,1.11907,1.11892,1000000,1000000
2016-08-28 21:37:36.799000,1.11907,1.11893,1000000,1000000
2016-08-28 21:37:40.448000,1.11908,1.11893,1000000,1000000
2016-08-28 21:37:40.654000,1.11907,1.11892,1500000,1000000
2016-08-28 21:37:46.486000,1.11907,1.11891,1000000,1500000
2016-08-28 21:37:46.537000,1.11908,1.11892,1500000,1000000
2016-08-28 21:37:47.107000,1.11908,1.11891,1500000,1000000
2016-08-28 21:37:49.409000,1.11908,1.11893,1000000,1000000
2016-08-28 21:37:50.423000,1.11908,1.11892,1500000,1000000
2016-08-28 21:37:51.658000,1.11907,1.11892,1000000,1500000
2016-08-28 21:37:51.760000,1.11908,1.11893,1000000,1000000
2016-08-28 21:37:59.702000,1.11909,1.11893,1500000,1000000
2016-08-28 21:37:59.756000,1.11908,1.11892,1000000,1000000
2016-08-28 21:37:59.807000,1.11907,1.11892,1000000,1500000
2016-08-28 21:38:03.681000,1.11908,1.11892,1500000,1000000
2016-08-28 21:38:08.040000,1.11908,1.11891,1000000,1500000
2016-08-28 21:38:08.091000,1.11907,1.11892,1000000,1000000
2016-08-28 21:38:08.614000,1.11909,1.11893,1500000,1000000
2016-08-28 21:38:10.474000,1.11908,1.11893,1000000,1000000
2016-08-28 21:38:11.311000,1.11908,1.11893,1500000,1000000
2016-08-28 21:38:11.362000,1.11907,1.11891,1000000,1500000
2016-08-28 21:38:11.565000,1.11906,1.11892,1000000,1000000
2016-08-28 21:38:12.231000,1.11907,1.11892,1000000,1000000
2016-08-28 21:38:12.770000,1.11907,1.11893,1000000,1000000
2016-08-28 21:38:17.005000,1.11908,1.11893,1000000,1000000
2016-08-28 21:38:17.157000,1.11908,1.11897,1000000,1000000
2016-08-28 21:38:17.208000,1.11910,1.11897,1000000,1000000
2016-08-28 21:38:21.773000,1.11910,1.11898,1000000,1000000
2016-08-28 21:38:21.976000,1.11911,1.11896,1000000,1000000
2016-08-28 21:38:22.333000,1.11912,1.11896,1310000,1000000
2016-08-28 21:38:22.385000,1.11909,1.11892,1370000,1000000
2016-08-28 21:38:24.874000,1.11909,1.11897,1000000,1000000
2016-08-28 21:38:24.986000,1.11911,1.11897,1000000,1000000
2016-08-28 21:38:27.589000,1.11911,1.11896,1000000,1000000
2016-08-28 21:38:27.690000,1.11912,1.11895,1870000,1000000
2016-08-28 21:38:27.741000,1.11906,1.11890,1870000,1120000
2016-08-28 21:38:27.797000,1.11906,1.11888,1870000,1870000
2016-08-28 21:38:27.848000,1.11908,1.11890,1870000,1000000
2016-08-28 21:38:27.899000,1.11906,1.11892,1120000,1000000
2016-08-28 21:38:27.951000,1.11906,1.11896,1000000,1000000
2016-08-28 21:38:28.002000,1.11908,1.11896,1250000,1000000
2016-08-28 21:38:28.053000,1.11908,1.11895,1000000,1000000
2016-08-28 21:38:28.601000,1.11909,1.11895,1000000,1000000
2016-08-28 21:38:29.146000,1.11910,1.11894,1120000,1000000
2016-08-28 21:38:29.197000,1.11911,1.11894,2620000,1000000
2016-08-28 21:38:29.299000,1.11910,1.11894,1120000,1000000
2016-08-28 21:38:29.350000,1.11910,1.11894,1310000,1000000
2016-08-28 21:38:29.401000,1.11909,1.11894,1000000,1000000
2016-08-28 21:38:33.662000,1.11909,1.11893,1120000,1000000
2016-08-28 21:38:37.677000,1.11909,1.11892,1000000,1500000
2016-08-28 21:38:39.563000,1.11909,1.11893,1120000,1000000
2016-08-28 21:38:41.980000,1.11909,1.11893,1500000,1000000
2016-08-28 21:38:42.082000,1.11909,1.11893,1000000,1000000
2016-08-28 21:38:42.592000,1.11908,1.11893,1000000,1000000
2016-08-28 21:38:44.754000,1.11909,1.11893,1500000,1000000
2016-08-28 21:38:44.805000,1.11908,1.11892,1000000,1000000
2016-08-28 21:38:44.857000,1.11907,1.11891,1000000,1500000
2016-08-28 21:38:44.971000,1.11907,1.11892,1000000,1000000
2016-08-28 21:38:48.771000,1.11908,1.11892,1500000,1500000
2016-08-28 21:38:54.650000,1.11908,1.11892,1000000,1000000
2016-08-28 21:38:54.701000,1.11909,1.11893,1500000,1000000
2016-08-28 21:38:54.757000,1.11908,1.11893,1000000,1000000
2016-08-28 21:38:54.859000,1.11907,1.11892,1500000,1000000
2016-08-28 21:38:56.776000,1.11907,1.11894,1000000,1000000
2016-08-28 21:38:56.952000,1.11909,1.11894,1000000,1000000
2016-08-28 21:38:58.704000,1.11909,1.11892,1000000,1500000
2016-08-28 21:38:59.442000,1.11908,1.11892,1000000,1500000
2016-08-28 21:39:00.796000,1.11908,1.11893,1000000,1000000
2016-08-28 21:39:25.031000,1.11907,1.11892,1000000,1000000
2016-08-28 21:39:25.082000,1.11907,1.11892,1500000,1000000
2016-08-28 21:39:25.183000,1.11905,1.11891,1000000,1000000
2016-08-28 21:39:25.234000,1.11905,1.11893,1000000,1000000
2016-08-28 21:39:25.437000,1.11906,1.11891,1000000,1000000
2016-08-28 21:39:25.621000,1.11906,1.11891,1250000,1000000
2016-08-28 21:39:25.672000,1.11906,1.11891,1000000,1000000
2016-08-28 21:39:26.201000,1.11907,1.11891,1000000,1000000
2016-08-28 21:39:26.327000,1.11906,1.11893,1000000,1000000
2016-08-28 21:39:30.741000,1.11906,1.11891,1000000,1000000
2016-08-28 21:39:30.792000,1.11907,1.11891,1500000,1000000
2016-08-28 21:39:30.843000,1.11907,1.11891,1690000,1000000
2016-08-28 21:39:30.895000,1.11907,1.11894,1190000,1000000
2016-08-28 21:39:30.997000,1.11907,1.11894,1000000,1000000
2016-08-28 21:39:31.098000,1.11909,1.11894,1000000,1000000
2016-08-28 21:39:35.116000,1.11908,1.11893,1000000,1000000
2016-08-28 21:39:35.319000,1.11908,1.11892,1000000,1500000
2016-08-28 21:39:36.298000,1.11908,1.11893,1000000,1000000
2016-08-28 21:39:36.400000,1.11909,1.11893,1500000,1500000
2016-08-28 21:39:40.727000,1.11908,1.11893,1000000,1000000
2016-08-28 21:39:43.190000,1.11906,1.11891,1000000,1000000
2016-08-28 21:39:44.291000,1.11908,1.11892,1250000,1000000
2016-08-28 21:39:45.115000,1.11907,1.11892,1000000,1000000
2016-08-28 21:39:45.217000,1.11907,1.11892,1500000,1000000
2016-08-28 21:39:53.630000,1.11907,1.11892,1000000,1500000
2016-08-28 21:39:53.732000,1.11908,1.11892,1500000,1500000
2016-08-28 21:39:55.800000,1.11908,1.11892,1000000,1000000
2016-08-28 21:39:57.746000,1.11908,1.11892,1500000,1000000
2016-08-28 21:39:57.849000,1.11907,1.11892,1000000,1000000
2016-08-28 21:39:59.638000,1.11908,1.11893,1500000,1000000
2016-08-28 21:40:00.163000,1.11907,1.11893,1000000,1000000
2016-08-28 21:40:06.423000,1.11908,1.11893,1000000,1000000
2016-08-28 21:40:06.626000,1.11908,1.11893,1000000,1500000
2016-08-28 21:40:06.746000,1.11910,1.11893,1000000,1000000
2016-08-28 21:40:07.050000,1.11911,1.11897,1000000,1500000
2016-08-28 21:40:07.152000,1.11913,1.11897,1000000,1500000
2016-08-28 21:40:08.911000,1.11913,1.11900,1000000,1000000
2016-08-28 21:40:09.013000,1.11917,1.11900,1190000,1000000
2016-08-28 21:40:09.063000,1.11917,1.11900,2060000,1000000
2016-08-28 21:40:09.114000,1.11914,1.11897,1000000,1500000
2016-08-28 21:40:09.703000,1.11913,1.11897,1000000,1500000
2016-08-28 21:40:10.250000,1.11913,1.11899,1000000,1000000
2016-08-28 21:40:10.311000,1.11913,1.11897,1000000,1000000
2016-08-28 21:40:13.751000,1.11913,1.11899,1870000,1000000
2016-08-28 21:40:13.853000,1.11913,1.11895,1000000,3000000
2016-08-28 21:40:13.904000,1.11913,1.11895,1000000,2250000
2016-08-28 21:40:13.955000,1.11913,1.11893,1000000,1870000
2016-08-28 21:40:14.259000,1.11913,1.11893,1000000,1370000
2016-08-28 21:40:18.018000,1.11913,1.11892,1000000,1870000
2016-08-28 21:40:18.259000,1.11912,1.11893,1000000,1370000
2016-08-28 21:40:24.269000,1.11912,1.11893,1000000,1120000
2016-08-28 21:40:24.824000,1.11912,1.11893,1000000,1870000
2016-08-28 21:40:30.771000,1.11912,1.11893,1000000,1370000
2016-08-28 21:40:31.778000,1.11911,1.11894,1000000,1370000
2016-08-28 21:40:31.880000,1.11911,1.11894,1500000,1370000
2016-08-28 21:40:31.931000,1.11908,1.11893,1000000,1000000
2016-08-28 21:40:32.831000,1.11910,1.11893,1500000,1870000
2016-08-28 21:40:33.045000,1.11910,1.11893,1000000,1870000
2016-08-28 21:40:37.351000,1.11908,1.11893,1000000,1000000
2016-08-28 21:40:37.839000,1.11912,1.11897,1690000,1870000
2016-08-28 21:40:37.889000,1.11912,1.11901,1690000,1120000
2016-08-28 21:40:37.940000,1.11907,1.11901,1000000,1120000
2016-08-28 21:40:38.143000,1.11913,1.11901,1000000,1500000
2016-08-28 21:40:38.194000,1.11913,1.11901,1250000,1500000
2016-08-28 21:40:38.245000,1.11915,1.11901,1190000,1500000
2016-08-28 21:40:38.296000,1.11915,1.11901,1250000,1500000
2016-08-28 21:40:38.397000,1.11915,1.11901,1000000,1500000
2016-08-28 21:40:38.941000,1.11915,1.11901,1000000,1870000
2016-08-28 21:40:42.095000,1.11915,1.11902,1000000,1000000
2016-08-28 21:40:42.248000,1.11907,1.11902,1000000,1000000
2016-08-28 21:40:46.643000,1.11910,1.11902,1000000,1000000
2016-08-28 21:40:46.854000,1.11915,1.11902,1000000,1000000
2016-08-28 21:40:50.109000,1.11915,1.11901,1000000,1870000
2016-08-28 21:40:50.160000,1.11912,1.11901,1000000,1120000
2016-08-28 21:40:50.246000,1.11912,1.11901,1500000,1120000
2016-08-28 21:41:07.110000,1.11912,1.11902,1000000,1000000
2016-08-28 21:41:07.237000,1.11915,1.11901,1000000,1120000
2016-08-28 21:41:07.761000,1.11914,1.11901,1000000,1120000
2016-08-28 21:41:08.445000,1.11914,1.11901,1000000,1000000
2016-08-28 21:41:11.063000,1.11914,1.11901,1500000,1000000
2016-08-28 21:41:11.165000,1.11916,1.11901,1000000,1000000
2016-08-28 21:41:11.216000,1.11916,1.11901,1190000,1000000
2016-08-28 21:41:11.267000,1.11915,1.11901,1250000,1000000
2016-08-28 21:41:11.378000,1.11914,1.11901,1000000,1000000
2016-08-28 21:41:15.668000,1.11914,1.11902,1000000,1000000
2016-08-28 21:41:16.201000,1.11915,1.11902,1000000,1000000
2016-08-28 21:41:32.092000,1.11907,1.11901,1000000,1120000
2016-08-28 21:41:32.927000,1.11910,1.11904,1000000,1000000
2016-08-28 21:41:33.029000,1.11916,1.11904,1000000,1000000
2016-08-28 21:41:33.652000,1.11917,1.11904,1000000,1000000
2016-08-28 21:41:37.035000,1.11914,1.11901,1000000,1120000
2016-08-28 21:41:37.086000,1.11913,1.11900,1000000,1000000
2016-08-28 21:41:37.137000,1.11913,1.11902,1000000,1000000
2016-08-28 21:41:37.188000,1.11912,1.11894,1500000,1500000
2016-08-28 21:41:37.290000,1.11907,1.11893,1000000,1500000
2016-08-28 21:41:37.392000,1.11906,1.11890,1500000,1000000
2016-08-28 21:41:37.595000,1.11906,1.11890,1000000,1000000
2016-08-28 21:41:37.709000,1.11906,1.11890,1500000,1000000
2016-08-28 21:41:38.035000,1.11906,1.11893,1000000,1000000
2016-08-28 21:41:38.137000,1.11909,1.11894,1000000,1500000
2016-08-28 21:41:38.188000,1.11910,1.11894,1500000,1500000
2016-08-28 21:41:38.289000,1.11909,1.11894,1000000,1500000
2016-08-28 21:41:38.391000,1.11910,1.11894,1500000,1500000
2016-08-28 21:41:38.594000,1.11910,1.11894,1000000,1000000
2016-08-28 21:41:38.695000,1.11910,1.11894,1500000,1500000
2016-08-28 21:41:41.090000,1.11910,1.11895,1000000,1000000
2016-08-28 21:41:46.129000,1.11906,1.11890,1000000,1500000
2016-08-28 21:41:46.193000,1.11908,1.11892,1000000,1000000
2016-08-28 21:41:46.397000,1.11907,1.11896,1000000,2250000
2016-08-28 21:41:46.447000,1.11907,1.11896,1000000,3250000
2016-08-28 21:41:46.498000,1.11910,1.11896,1000000,3250000
2016-08-28 21:41:47.235000,1.11911,1.11896,1000000,3250000
2016-08-28 21:41:47.670000,1.11911,1.11898,1000000,1000000
2016-08-28 21:41:48.430000,1.11908,1.11893,1000000,1500000
2016-08-28 21:41:48.531000,1.11907,1.11893,1000000,1000000
2016-08-28 21:41:48.735000,1.11908,1.11893,1500000,1000000
2016-08-28 21:41:48.837000,1.11907,1.11893,1000000,1000000
2016-08-28 21:41:52.721000,1.11907,1.11897,1000000,1000000
2016-08-28 21:41:52.823000,1.11908,1.11893,1000000,1000000
2016-08-28 21:41:53.508000,1.11907,1.11893,1000000,1000000
2016-08-28 21:41:56.512000,1.11908,1.11893,1000000,1000000
2016-08-28 21:41:56.644000,1.11908,1.11893,1500000,1000000
2016-08-28 21:42:05.833000,1.11909,1.11896,1000000,1870000
2016-08-28 21:42:05.936000,1.11907,1.11890,1500000,2620000
2016-08-28 21:42:06.038000,1.11902,1.11887,1000000,1250000
2016-08-28 21:42:06.088000,1.11902,1.11887,1000000,1000000
2016-08-28 21:42:06.139000,1.11900,1.11886,1000000,1500000
2016-08-28 21:42:06.241000,1.11900,1.11887,1000000,1000000
2016-08-28 21:42:06.342000,1.11900,1.11886,1000000,1500000
2016-08-28 21:42:09.122000,1.11901,1.11886,1000000,1500000
2016-08-28 21:42:12.965000,1.11900,1.11887,1000000,1000000
2016-08-28 21:42:13.016000,1.11902,1.11890,1000000,1870000
2016-08-28 21:42:13.226000,1.11900,1.11887,1000000,1000000
2016-08-28 21:42:13.449000,1.11900,1.11886,1000000,1000000
2016-08-28 21:42:13.551000,1.11900,1.11887,1000000,1000000
2016-08-28 21:42:17.741000,1.11899,1.11887,1000000,1000000
2016-08-28 21:42:23.463000,1.11901,1.11887,1000000,1000000
2016-08-28 21:42:24.020000,1.11902,1.11887,1000000,1000000
2016-08-28 21:42:25.749000,1.11901,1.11887,1000000,1000000
2016-08-28 21:42:26.565000,1.11899,1.11887,1000000,1000000
2016-08-28 21:42:26.870000,1.11899,1.11892,1000000,1000000
2016-08-28 21:42:28.062000,1.11901,1.11892,1000000,1000000
2016-08-28 21:42:28.468000,1.11904,1.11891,1000000,1000000
2016-08-28 21:42:28.874000,1.11905,1.11887,1000000,2620000
2016-08-28 21:42:28.976000,1.11905,1.11891,1000000,1000000
2016-08-28 21:42:29.537000,1.11905,1.11889,1000000,1120000
2016-08-28 21:42:29.638000,1.11905,1.11890,1500000,1000000
2016-08-28 21:42:30.131000,1.11905,1.11890,1000000,1000000
2016-08-28 21:42:30.436000,1.11907,1.11889,1500000,1120000
2016-08-28 21:42:30.965000,1.11906,1.11890,1500000,1500000
2016-08-28 21:42:43.073000,1.11906,1.11892,1000000,1000000
2016-08-28 21:42:45.646000,1.11906,1.11890,1000000,1000000
2016-08-28 21:42:57.787000,1.11906,1.11892,1000000,1000000
2016-08-28 21:42:58.091000,1.11907,1.11898,1000000,1000000
2016-08-28 21:42:59.300000,1.11910,1.11898,1000000,1000000
2016-08-28 21:43:06.093000,1.11907,1.11891,1000000,1500000
2016-08-28 21:43:06.195000,1.11907,1.11893,1000000,1000000
2016-08-28 21:43:06.299000,1.11908,1.11894,1870000,1000000
2016-08-28 21:43:06.407000,1.11906,1.11894,1000000,1000000
2016-08-28 21:43:06.612000,1.11908,1.11894,1000000,1000000
2016-08-28 21:43:10.299000,1.11907,1.11891,1870000,1500000
2016-08-28 21:43:10.402000,1.11903,1.11890,1000000,1000000
2016-08-28 21:43:10.504000,1.11905,1.11889,1000000,1000000
2016-08-28 21:43:10.707000,1.11905,1.11891,1000000,1000000
2016-08-28 21:43:15.019000,1.11905,1.11890,1000000,1000000
2016-08-28 21:43:18.705000,1.11905,1.11891,1000000,1500000
2016-08-28 21:43:18.760000,1.11906,1.11892,1000000,1000000
2016-08-28 21:43:18.914000,1.11911,1.11895,2060000,1000000
2016-08-28 21:43:19.016000,1.11909,1.11895,1000000,1000000
2016-08-28 21:43:20.517000,1.11902,1.11891,1000000,1000000
2016-08-28 21:43:20.619000,1.11909,1.11893,4310000,1000000
2016-08-28 21:43:20.736000,1.11907,1.11893,1000000,1000000
2016-08-28 21:43:20.990000,1.11906,1.11891,1500000,1000000
2016-08-28 21:43:22.780000,1.11906,1.11890,1000000,1500000
2016-08-28 21:43:23.309000,1.11906,1.11891,1000000,1000000
2016-08-28 21:43:23.512000,1.11907,1.11894,1000000,1500000
2016-08-28 21:43:23.563000,1.11907,1.11898,1000000,1000000
2016-08-28 21:43:23.792000,1.11910,1.11898,1250000,1000000
2016-08-28 21:43:23.843000,1.11910,1.11898,1000000,1000000
2016-08-28 21:43:25.644000,1.11907,1.11894,1000000,1000000
2016-08-28 21:43:25.695000,1.11905,1.11891,1000000,1500000
2016-08-28 21:43:25.847000,1.11906,1.11897,1000000,1000000
2016-08-28 21:43:25.950000,1.11907,1.11897,1250000,1000000
2016-08-28 21:43:26.001000,1.11910,1.11897,1690000,1000000
2016-08-28 21:43:26.051000,1.11910,1.11897,1000000,1000000
2016-08-28 21:43:27.222000,1.11910,1.11898,1000000,1000000
2016-08-28 21:43:27.435000,1.11907,1.11895,1000000,1000000
2016-08-28 21:43:27.486000,1.11907,1.11891,1000000,1000000
2016-08-28 21:43:27.688000,1.11907,1.11891,1500000,1500000
2016-08-28 21:43:27.840000,1.11907,1.11892,1000000,1500000
2016-08-28 21:43:27.891000,1.11908,1.11892,1500000,1500000
2016-08-28 21:43:29.121000,1.11908,1.11893,1500000,1000000
2016-08-28 21:43:29.172000,1.11908,1.11898,1000000,1000000
2016-08-28 21:43:29.223000,1.11910,1.11898,1000000,1000000
2016-08-28 21:43:29.874000,1.11911,1.11898,1000000,1000000
2016-08-28 21:44:22.153000,1.11912,1.11898,1000000,1000000
2016-08-28 21:44:29.126000,1.11912,1.11896,1000000,1000000
2016-08-28 21:44:36.872000,1.11912,1.11906,1000000,350000
2016-08-28 21:44:36.943000,1.11912,1.11896,1000000,1000000
2016-08-28 21:44:46.952000,1.11912,1.11905,1000000,220000
2016-08-28 21:44:47.053000,1.11912,1.11896,1000000,1000000
2016-08-28 21:44:47.256000,1.11912,1.11906,1000000,190000
2016-08-28 21:44:47.363000,1.11912,1.11896,1000000,1000000
2016-08-28 21:44:52.896000,1.11900,1.11891,1000000,1120000
2016-08-28 21:44:52.947000,1.11900,1.11889,1000000,1000000
2016-08-28 21:44:52.998000,1.11900,1.11891,1000000,1000000
2016-08-28 21:44:53.863000,1.11903,1.11891,1000000,1000000
2016-08-28 21:45:00.925000,1.11900,1.11891,1000000,1000000
2016-08-28 21:45:01.128000,1.11903,1.11891,1500000,1000000
2016-08-28 21:45:01.179000,1.11904,1.11890,1000000,1120000
2016-08-28 21:45:01.230000,1.11900,1.11890,1000000,1000000
2016-08-28 21:45:01.281000,1.11900,1.11887,1000000,2810000
2016-08-28 21:45:01.383000,1.11900,1.11892,1000000,1000000
2016-08-28 21:45:06.473000,1.11904,1.11892,1500000,1000000
2016-08-28 21:45:06.575000,1.11906,1.11891,1000000,2620000
2016-08-28 21:45:06.757000,1.11908,1.11892,1690000,1120000
2016-08-28 21:45:06.808000,1.11906,1.11892,1000000,1120000
2016-08-28 21:45:06.859000,1.11900,1.11892,1000000,1000000
2016-08-28 21:45:07.063000,1.11907,1.11894,1000000,1870000
2016-08-28 21:45:07.165000,1.11900,1.11892,1000000,1000000
2016-08-28 21:45:07.716000,1.11900,1.11891,1000000,1000000
2016-08-28 21:45:09.065000,1.11901,1.11891,1000000,1000000
2016-08-28 21:45:10.942000,1.11899,1.11891,1000000,1000000
2016-08-28 21:45:30.051000,1.11902,1.11891,1000000,1000000
2016-08-28 21:45:30.307000,1.11906,1.11891,1690000,1000000
2016-08-28 21:45:30.359000,1.11906,1.11891,1500000,1000000
2016-08-28 21:45:30.410000,1.11906,1.11892,1000000,1000000
2016-08-28 21:45:30.952000,1.11908,1.11893,1000000,1000000
2016-08-28 21:45:31.206000,1.11910,1.11894,1500000,1000000
2016-08-28 21:45:31.412000,1.11910,1.11894,1000000,1000000
2016-08-28 21:45:33.048000,1.11909,1.11894,1000000,1000000
2016-08-28 21:45:34.956000,1.11909,1.11893,1500000,1000000
2016-08-28 21:45:39.081000,1.11909,1.11894,1000000,1000000
2016-08-28 21:45:39.183000,1.11907,1.11892,1000000,1000000
2016-08-28 21:45:39.436000,1.11909,1.11893,1000000,1000000
2016-08-28 21:45:43.690000,1.11908,1.11892,1000000,1500000
2016-08-28 21:45:43.792000,1.11909,1.11893,1000000,1000000
2016-08-28 21:45:43.843000,1.11911,1.11893,1190000,1000000
2016-08-28 21:45:43.894000,1.11911,1.11893,1000000,1000000
2016-08-28 21:45:43.945000,1.11909,1.11893,1000000,1000000
2016-08-28 21:45:44.250000,1.11907,1.11893,1000000,1000000
2016-08-28 21:45:47.667000,1.11907,1.11894,1000000,1000000
2016-08-28 21:45:48.184000,1.11906,1.11894,1000000,1000000
2016-08-28 21:45:51.669000,1.11906,1.11893,1000000,1000000
2016-08-28 21:45:51.720000,1.11907,1.11893,1250000,1000000
2016-08-28 21:45:55.148000,1.11906,1.11893,1000000,1000000
2016-08-28 21:45:55.677000,1.11906,1.11892,1000000,1000000
2016-08-28 21:45:55.998000,1.11906,1.11894,1000000,1000000
2016-08-28 21:45:56.049000,1.11907,1.11894,1250000,1000000
2016-08-28 21:45:58.112000,1.11907,1.11893,1250000,1000000
2016-08-28 21:45:58.163000,1.11906,1.11893,1000000,1000000
2016-08-28 21:45:58.467000,1.11908,1.11893,1000000,1000000
2016-08-28 21:45:59.529000,1.11908,1.11894,1000000,1000000
2016-08-28 21:46:03.761000,1.11907,1.11894,1000000,1000000
2016-08-28 21:46:04.274000,1.11906,1.11894,1000000,1000000
2016-08-28 21:46:06.567000,1.11907,1.11894,1000000,1000000
2016-08-28 21:46:09.834000,1.11907,1.11893,1000000,1000000
2016-08-28 21:46:11.619000,1.11907,1.11894,1000000,1000000
2016-08-28 21:46:11.771000,1.11910,1.11894,1190000,1000000
2016-08-28 21:46:11.822000,1.11909,1.11893,1250000,1000000
2016-08-28 21:46:11.873000,1.11907,1.11893,1000000,1000000
2016-08-28 21:46:14.280000,1.11906,1.11893,1000000,1000000
2016-08-28 21:46:21.942000,1.11906,1.11890,1000000,1000000
2016-08-28 21:46:22.044000,1.11906,1.11893,1000000,1000000
2016-08-28 21:46:22.570000,1.11906,1.11892,1000000,1000000
2016-08-28 21:46:26.850000,1.11905,1.11886,1000000,1000000
2016-08-28 21:46:26.953000,1.11905,1.11892,1000000,1000000
2016-08-28 21:46:27.055000,1.11908,1.11892,1190000,1000000
2016-08-28 21:46:27.106000,1.11908,1.11892,1000000,1000000
2016-08-28 21:46:27.550000,1.11905,1.11892,1000000,1000000
2016-08-28 21:46:30.752000,1.11904,1.11893,1000000,1000000
2016-08-28 21:46:30.854000,1.11906,1.11888,1000000,1000000
2016-08-28 21:46:30.956000,1.11906,1.11892,1000000,1000000
2016-08-28 21:46:31.260000,1.11904,1.11892,1000000,1000000
2016-08-28 21:46:32.554000,1.11905,1.11892,1000000,1000000
2016-08-28 21:46:32.664000,1.11905,1.11889,1000000,1000000
2016-08-28 21:46:32.716000,1.11908,1.11886,1000000,1000000
2016-08-28 21:46:32.768000,1.11905,1.11886,1000000,1000000
2016-08-28 21:46:33.073000,1.11904,1.11889,1000000,1000000
2016-08-28 21:46:33.633000,1.11903,1.11889,1000000,1000000
2016-08-28 21:46:35.612000,1.11903,1.11888,1000000,1000000
2016-08-28 21:46:35.794000,1.11901,1.11885,1000000,1000000
2016-08-28 21:46:35.895000,1.11901,1.11885,1500000,1000000
2016-08-28 21:46:37.089000,1.11901,1.11886,1500000,1000000
2016-08-28 21:46:37.140000,1.11901,1.11888,1000000,1000000
2016-08-28 21:46:37.689000,1.11902,1.11888,1000000,1000000
2016-08-28 21:46:41.762000,1.11901,1.11885,1000000,1000000
2016-08-28 21:46:41.863000,1.11902,1.11888,1000000,1000000
2016-08-28 21:46:45.715000,1.11903,1.11888,1000000,1000000
2016-08-28 21:46:45.766000,1.11901,1.11885,1000000,1000000
2016-08-28 21:46:45.868000,1.11901,1.11885,1500000,1000000
2016-08-28 21:46:45.969000,1.11901,1.11887,1000000,1000000
2016-08-28 21:46:46.071000,1.11903,1.11887,1500000,1000000
2016-08-28 21:46:46.172000,1.11902,1.11887,1000000,1000000
2016-08-28 21:46:46.696000,1.11903,1.11887,1000000,1000000
2016-08-28 21:46:54.756000,1.11901,1.11885,1000000,1500000
2016-08-28 21:46:54.807000,1.11901,1.11885,1000000,1000000
2016-08-28 21:46:54.858000,1.11902,1.11888,1000000,1000000
2016-08-28 21:46:55.117000,1.11905,1.11887,1250000,1000000
2016-08-28 21:46:55.168000,1.11905,1.11887,1000000,1000000
2016-08-28 21:46:55.472000,1.11902,1.11887,1000000,1000000
2016-08-28 21:46:58.776000,1.11901,1.11885,1000000,1000000
2016-08-28 21:46:58.922000,1.11901,1.11885,1500000,1000000
2016-08-28 21:46:58.973000,1.11901,1.11887,1000000,1000000
2016-08-28 21:46:59.178000,1.11900,1.11884,1000000,1000000
2016-08-28 21:46:59.279000,1.11899,1.11886,1000000,1000000
2016-08-28 21:46:59.381000,1.11902,1.11886,1000000,1000000
2016-08-28 21:46:59.483000,1.11899,1.11886,1000000,1000000
2016-08-28 21:47:00.031000,1.11900,1.11886,1000000,1000000
2016-08-28 21:47:00.560000,1.11899,1.11886,1000000,1000000
2016-08-28 21:47:03.784000,1.11899,1.11887,1000000,1000000
2016-08-28 21:47:04.597000,1.11900,1.11887,1000000,1000000
2016-08-28 21:47:06.538000,1.11900,1.11884,1000000,1000000
2016-08-28 21:47:06.589000,1.11900,1.11880,1000000,1500000
2016-08-28 21:47:06.712000,1.11898,1.11880,1000000,1500000
2016-08-28 21:47:06.763000,1.11898,1.11886,1000000,1000000
2016-08-28 21:47:06.916000,1.11902,1.11886,1870000,1000000
2016-08-28 21:47:06.966000,1.11902,1.11886,1000000,1000000
2016-08-28 21:47:07.346000,1.11899,1.11886,1000000,1000000
2016-08-28 21:47:08.170000,1.11899,1.11885,1000000,1000000
2016-08-28 21:47:11.749000,1.11897,1.11882,1000000,1000000
2016-08-28 21:47:11.951000,1.11898,1.11885,1000000,1000000
2016-08-28 21:47:15.760000,1.11898,1.11886,1000000,1000000
2016-08-28 21:47:15.912000,1.11900,1.11886,1000000,1000000
2016-08-28 21:47:16.711000,1.11899,1.11886,1000000,1000000
2016-08-28 21:47:18.874000,1.11899,1.11883,1000000,1000000
2016-08-28 21:47:18.950000,1.11903,1.11880,1000000,1000000
2016-08-28 21:47:19.002000,1.11898,1.11880,1000000,1000000
2016-08-28 21:47:19.053000,1.11898,1.11883,1000000,1500000
2016-08-28 21:47:19.104000,1.11896,1.11883,1000000,2500000
2016-08-28 21:47:19.154000,1.11896,1.11883,1000000,1000000
2016-08-28 21:47:19.205000,1.11898,1.11883,1000000,1000000
2016-08-28 21:47:19.307000,1.11896,1.11883,1000000,1000000
2016-08-28 21:47:19.907000,1.11897,1.11883,1000000,1000000
2016-08-28 21:47:23.946000,1.11896,1.11883,1000000,1000000
2016-08-28 21:47:27.662000,1.11896,1.11882,1000000,1000000
2016-08-28 21:47:37.588000,1.11896,1.11883,1000000,1000000
2016-08-28 21:47:37.894000,1.11902,1.11891,1000000,1000000
2016-08-28 21:47:38.148000,1.11904,1.11890,1000000,1000000
2016-08-28 21:47:38.249000,1.11903,1.11890,1000000,1500000
2016-08-28 21:47:38.351000,1.11905,1.11893,1250000,1000000
2016-08-28 21:47:38.402000,1.11905,1.11893,1000000,1000000
2016-08-28 21:47:38.453000,1.11907,1.11893,1000000,1000000
2016-08-28 21:47:48.731000,1.11906,1.11893,1000000,1000000
2016-08-28 21:47:49.242000,1.11905,1.11892,1000000,1000000
2016-08-28 21:47:49.546000,1.11906,1.11892,1000000,1500000
2016-08-28 21:47:49.648000,1.11907,1.11892,1000000,1000000
2016-08-28 21:47:49.800000,1.11906,1.11892,1000000,2500000
2016-08-28 21:47:49.901000,1.11906,1.11892,1000000,1000000
2016-08-28 21:47:49.952000,1.11910,1.11892,3940000,1000000
2016-08-28 21:47:50.053000,1.11905,1.11892,1000000,1000000
2016-08-28 21:47:50.104000,1.11905,1.11892,1000000,3250000
2016-08-28 21:47:50.155000,1.11907,1.11892,1000000,2500000
2016-08-28 21:47:50.308000,1.11907,1.11894,1000000,1500000
