time,ask,bid,ask_volume,bid_volume
2016-03-20 21:02:09.211000,1.12662,1.12575,3750000,750000
2016-03-20 21:02:09.261000,1.12660,1.12576,750000,750000
2016-03-20 21:02:15.951000,1.12651,1.12576,750000,750000
2016-03-20 21:02:16.319000,1.12649,1.12577,750000,750000
2016-03-20 21:02:25.191000,1.12637,1.12577,750000,750000
2016-03-20 21:02:29.535000,1.12633,1.12577,750000,750000
2016-03-20 21:02:29.843000,1.12630,1.12582,750000,750000
2016-03-20 21:02:30.786000,1.12632,1.12576,750000,370000
2016-03-20 21:02:35.041000,1.12692,1.12612,1500000,750000
2016-03-20 21:02:35.092000,1.12690,1.12618,750000,750000
2016-03-20 21:02:35.193000,1.12692,1.12610,1500000,750000
2016-03-20 21:02:40.147000,1.12691,1.12610,750000,750000
2016-03-20 21:02:58.220000,1.12690,1.12627,750000,370000
2016-03-20 21:02:58.273000,1.12687,1.12627,750000,1500000
2016-03-20 21:03:05.220000,1.12687,1.12628,750000,370000
2016-03-20 21:03:12.681000,1.12688,1.12628,750000,1500000
2016-03-20 21:03:20.201000,1.12691,1.12655,750000,750000
2016-03-20 21:03:20.551000,1.12685,1.12656,750000,370000
2016-03-20 21:03:20.779000,1.12687,1.12656,750000,370000
2016-03-20 21:03:20.933000,1.12684,1.12656,750000,750000
2016-03-20 21:03:21.135000,1.12684,1.12629,750000,750000
2016-03-20 21:03:25.339000,1.12684,1.12638,750000,370000
2016-03-20 21:03:33.723000,1.12684,1.12647,750000,750000
2016-03-20 21:03:33.824000,1.12687,1.12649,750000,750000
2016-03-20 21:03:43.812000,1.12688,1.12649,750000,750000
2016-03-20 21:03:45.256000,1.12688,1.12650,750000,370000
2016-03-20 21:04:05.184000,1.12688,1.12650,1000000,1370000
2016-03-20 21:04:08.900000,1.12687,1.12651,1250000,1000000
2016-03-20 21:04:13.317000,1.12679,1.12649,1000000,1870000
2016-03-20 21:04:13.368000,1.12679,1.12649,1000000,1000000
2016-03-20 21:04:17.447000,1.12679,1.12658,1000000,1000000
2016-03-20 21:04:17.850000,1.12680,1.12662,1000000,1000000
2016-03-20 21:04:18.153000,1.12680,1.12664,1000000,1000000
2016-03-20 21:04:18.364000,1.12680,1.12662,1000000,1000000
2016-03-20 21:04:22.455000,1.12679,1.12649,1000000,1120000
2016-03-20 21:04:22.506000,1.12679,1.12649,1000000,1120000
2016-03-20 21:04:22.809000,1.12679,1.12649,1000000,1000000
2016-03-20 21:04:25.006000,1.12679,1.12649,1000000,1120000
2016-03-20 21:04:25.394000,1.12679,1.12648,1000000,1370000
2016-03-20 21:04:27.042000,1.12680,1.12662,1500000,1000000
2016-03-20 21:04:27.412000,1.12680,1.12663,1000000,1370000
2016-03-20 21:04:33.421000,1.12682,1.12667,1500000,1000000
2016-03-20 21:04:59.848000,1.12682,1.12668,1500000,1000000
2016-03-20 21:05:00,1.12689,1.12668,1250000,1000000
2016-03-20 21:05:00.530000,1.12690,1.12667,1250000,1000000
2016-03-20 21:05:01.081000,1.12690,1.12668,1250000,1000000
2016-03-20 21:05:14.806000,1.12695,1.12683,1000000,1190000
2016-03-20 21:05:14.908000,1.12702,1.12688,1500000,1500000
2016-03-20 21:05:15.433000,1.12692,1.12681,1000000,1000000
2016-03-20 21:05:15.534000,1.12689,1.12665,1000000,1000000
2016-03-20 21:05:20.375000,1.12689,1.12665,1690000,1750000
2016-03-20 21:05:20.578000,1.12689,1.12665,1690000,1000000
2016-03-20 21:05:26.805000,1.12689,1.12670,1000000,1250000
2016-03-20 21:05:27.650000,1.12688,1.12670,1000000,1250000
2016-03-20 21:05:39.092000,1.12685,1.12670,1000000,940000
2016-03-20 21:05:39.143000,1.12685,1.12658,1000000,2250000
2016-03-20 21:05:39.245000,1.12689,1.12663,1000000,1000000
2016-03-20 21:05:39.759000,1.12689,1.12670,1000000,1250000
2016-03-20 21:05:45.368000,1.12689,1.12672,1000000,1250000
2016-03-20 21:06:25.418000,1.12688,1.12672,1000000,1250000
2016-03-20 21:06:29.389000,1.12686,1.12672,1000000,940000
2016-03-20 21:06:29.710000,1.12688,1.12672,1000000,1250000
2016-03-20 21:06:51.504000,1.12691,1.12671,1000000,1690000
2016-03-20 21:06:51.605000,1.12689,1.12673,1000000,1190000
2016-03-20 21:06:54.105000,1.12690,1.12673,1000000,1190000
2016-03-20 21:06:54.610000,1.12689,1.12673,1000000,1190000
2016-03-20 21:06:59.205000,1.12689,1.12676,1000000,1190000
2016-03-20 21:06:59.408000,1.12692,1.12676,1500000,1190000
2016-03-20 21:06:59.459000,1.12698,1.12676,1000000,1190000
2016-03-20 21:07:17.381000,1.12696,1.12676,1000000,1190000
2016-03-20 21:07:21.767000,1.12697,1.12676,1000000,1190000
2016-03-20 21:07:23.260000,1.12696,1.12676,1000000,1190000
2016-03-20 21:07:26.396000,1.12695,1.12676,1000000,1190000
2016-03-20 21:07:29.224000,1.12689,1.12674,1000000,1190000
2016-03-20 21:07:30.693000,1.12689,1.12673,1500000,1190000
2016-03-20 21:07:30.761000,1.12687,1.12673,1000000,1190000
2016-03-20 21:07:31.341000,1.12687,1.12666,1000000,1190000
2016-03-20 21:07:31.442000,1.12685,1.12666,1500000,1190000
2016-03-20 21:07:40.247000,1.12685,1.12663,1500000,1500000
2016-03-20 21:07:50.755000,1.12682,1.12663,1000000,1500000
2016-03-20 21:07:58.676000,1.12683,1.12663,1000000,1500000
2016-03-20 21:08:00.655000,1.12682,1.12663,1000000,1500000
2016-03-20 21:08:01.159000,1.12683,1.12663,1000000,1500000
2016-03-20 21:08:03.960000,1.12682,1.12663,1000000,1500000
2016-03-20 21:08:07.165000,1.12683,1.12663,1000000,1000000
2016-03-20 21:08:10.656000,1.12682,1.12663,1000000,1000000
2016-03-20 21:08:14.226000,1.12682,1.12662,1000000,1000000
2016-03-20 21:08:34.417000,1.12685,1.12662,2250000,1000000
2016-03-20 21:08:36.961000,1.12685,1.12662,2250000,1120000
2016-03-20 21:08:37.264000,1.12684,1.12672,1000000,1000000
2016-03-20 21:08:37.315000,1.12684,1.12669,1190000,1000000
2016-03-20 21:08:38.143000,1.12684,1.12669,1000000,1000000
2016-03-20 21:08:56.907000,1.12681,1.12669,1000000,1000000
2016-03-20 21:09:03.917000,1.12681,1.12668,1500000,1500000
2016-03-20 21:09:04.018000,1.12681,1.12665,1000000,1000000
2016-03-20 21:09:04.069000,1.12681,1.12660,1000000,2250000
2016-03-20 21:09:05.186000,1.12681,1.12660,1000000,2620000
2016-03-20 21:09:06.127000,1.12681,1.12660,1690000,1000000
2016-03-20 21:09:06.496000,1.12674,1.12659,1500000,1000000
2016-03-20 21:09:28.145000,1.12673,1.12659,1000000,1000000
2016-03-20 21:09:40.751000,1.12683,1.12660,1000000,1000000
2016-03-20 21:09:41.808000,1.12684,1.12660,1000000,1000000
2016-03-20 21:09:41.864000,1.12684,1.12662,1000000,1000000
2016-03-20 21:09:41.966000,1.12692,1.12665,1500000,1000000
2016-03-20 21:09:42.067000,1.12695,1.12665,2250000,1000000
2016-03-20 21:09:43.163000,1.12686,1.12664,1000000,1000000
2016-03-20 21:09:43.466000,1.12675,1.12658,1000000,3000000
2016-03-20 21:09:44.193000,1.12675,1.12659,1000000,1000000
2016-03-20 21:09:52.940000,1.12676,1.12659,1000000,1500000
2016-03-20 21:09:53.516000,1.12675,1.12659,1000000,1500000
2016-03-20 21:09:57.151000,1.12676,1.12659,1000000,2250000
2016-03-20 21:10:02.281000,1.12676,1.12661,1000000,1000000
2016-03-20 21:10:02.498000,1.12695,1.12665,1690000,1000000
2016-03-20 21:10:15.105000,1.12695,1.12665,1500000,1000000
2016-03-20 21:11:51.565000,1.12696,1.12665,1500000,1000000
2016-03-20 21:11:52.090000,1.12695,1.12665,1000000,1000000
2016-03-20 21:12:38.414000,1.12696,1.12665,1500000,1000000
2016-03-20 21:12:39.064000,1.12695,1.12665,1000000,1000000
2016-03-20 21:12:52.438000,1.12695,1.12665,1690000,1000000
2016-03-20 21:12:52.539000,1.12695,1.12665,1500000,1000000
2016-03-20 21:13:00.012000,1.12695,1.12665,1570000,1000000
2016-03-20 21:13:36.439000,1.12695,1.12665,1570000,1000000
2016-03-20 21:13:43.766000,1.12695,1.12665,1570000,1120000
2016-03-20 21:13:43.918000,1.12695,1.12673,1500000,1000000
2016-03-20 21:13:51.854000,1.12692,1.12673,1500000,1000000
2016-03-20 21:13:52.158000,1.12687,1.12671,1000000,1000000
2016-03-20 21:13:57.925000,1.12688,1.12671,1000000,1000000
2016-03-20 21:13:59.931000,1.12687,1.12671,1000000,1000000
2016-03-20 21:14:06.756000,1.12688,1.12671,1000000,1000000
2016-03-20 21:14:07.958000,1.12687,1.12671,1000000,1000000
2016-03-20 21:14:08.761000,1.12688,1.12671,1000000,1000000
2016-03-20 21:14:09.965000,1.12687,1.12671,1000000,1000000
2016-03-20 21:14:10.626000,1.12688,1.12671,1000000,1000000
2016-03-20 21:14:11.179000,1.12687,1.12671,1000000,1000000
2016-03-20 21:14:16.511000,1.12688,1.12671,1000000,1000000
2016-03-20 21:14:17.232000,1.12687,1.12671,1000000,1000000
2016-03-20 21:14:21.954000,1.12688,1.12671,1000000,1000000
2016-03-20 21:14:22.842000,1.12687,1.12671,1000000,1000000
2016-03-20 21:14:26.549000,1.12688,1.12671,1000000,1000000
2016-03-20 21:14:27.198000,1.12687,1.12671,1000000,1000000
2016-03-20 21:14:27.855000,1.12688,1.12671,1000000,1000000
2016-03-20 21:14:28.356000,1.12687,1.12671,1000000,1000000
2016-03-20 21:14:33.917000,1.12688,1.12671,1000000,1000000
2016-03-20 21:14:34.844000,1.12687,1.12671,1000000,1000000
2016-03-20 21:14:35.921000,1.12688,1.12671,1000000,1000000
2016-03-20 21:14:36.827000,1.12687,1.12671,1000000,1000000
2016-03-20 21:14:38.824000,1.12688,1.12671,1000000,1000000
2016-03-20 21:14:39.926000,1.12687,1.12671,1000000,1000000
2016-03-20 21:14:41.331000,1.12688,1.12671,1000000,1000000
2016-03-20 21:14:41.930000,1.12687,1.12671,1000000,1000000
2016-03-20 21:14:48.379000,1.12688,1.12671,1570000,1000000
2016-03-20 21:14:49.945000,1.12687,1.12671,1500000,1000000
2016-03-20 21:14:52.949000,1.12688,1.12671,1570000,1000000
2016-03-20 21:14:53.450000,1.12687,1.12671,1500000,1000000
2016-03-20 21:14:55.754000,1.12688,1.12671,1570000,1000000
2016-03-20 21:14:57.758000,1.12687,1.12671,1500000,1000000
2016-03-20 21:15:03.535000,1.12688,1.12671,1570000,1000000
2016-03-20 21:15:04.202000,1.12687,1.12671,1500000,1000000
2016-03-20 21:15:05.839000,1.12688,1.12671,1570000,1000000
2016-03-20 21:15:07.741000,1.12687,1.12671,1500000,1000000
2016-03-20 21:15:15.701000,1.12688,1.12671,1570000,1000000
2016-03-20 21:15:17.704000,1.12687,1.12671,1500000,1000000
2016-03-20 21:15:35.850000,1.12682,1.12671,1000000,1000000
2016-03-20 21:15:35.951000,1.12682,1.12667,1000000,1690000
2016-03-20 21:15:51.979000,1.12683,1.12667,1500000,1500000
2016-03-20 21:15:53.027000,1.12682,1.12667,1000000,1690000
2016-03-20 21:15:55.334000,1.12682,1.12669,1000000,1000000
2016-03-20 21:16:05.043000,1.12683,1.12669,1500000,1000000
2016-03-20 21:16:07.843000,1.12683,1.12668,1500000,1500000
2016-03-20 21:16:08.421000,1.12682,1.12668,1000000,1500000
2016-03-20 21:16:18.151000,1.12682,1.12669,1000000,1000000
2016-03-20 21:16:23.064000,1.12683,1.12669,1500000,1000000
2016-03-20 21:16:25.067000,1.12682,1.12669,1000000,1000000
2016-03-20 21:16:29.758000,1.12683,1.12669,1000000,1000000
2016-03-20 21:16:29.960000,1.12685,1.12669,1000000,1000000
2016-03-20 21:16:30.621000,1.12684,1.12669,1000000,1000000
2016-03-20 21:16:52.982000,1.12685,1.12669,1000000,1000000
2016-03-20 21:16:53.725000,1.12684,1.12669,1000000,1000000
2016-03-20 21:17:05.601000,1.12685,1.12669,1000000,1000000
2016-03-20 21:17:07.603000,1.12684,1.12669,1000000,1000000
2016-03-20 21:17:18.280000,1.12684,1.12668,1000000,2250000
2016-03-20 21:17:28.122000,1.12684,1.12670,1000000,1000000
2016-03-20 21:17:28.173000,1.12687,1.12670,1000000,1000000
2016-03-20 21:17:28.275000,1.12692,1.12670,1500000,1000000
2016-03-20 21:17:28.478000,1.12694,1.12670,1500000,1000000
2016-03-20 21:18:07.719000,1.12695,1.12671,1000000,1000000
2016-03-20 21:18:30.207000,1.12695,1.12671,1000000,1190000
2016-03-20 21:18:30.259000,1.12695,1.12674,1000000,1000000
2016-03-20 21:18:30.564000,1.12695,1.12676,1500000,1000000
2016-03-20 21:18:30.881000,1.12695,1.12679,1500000,1000000
2016-03-20 21:18:36.378000,1.12695,1.12678,1000000,1000000
2016-03-20 21:18:38.287000,1.12695,1.12679,1000000,1000000
2016-03-20 21:18:43.895000,1.12695,1.12678,1000000,1000000
2016-03-20 21:18:44.418000,1.12695,1.12679,1500000,1000000
2016-03-20 21:18:47.904000,1.12695,1.12678,1500000,1000000
2016-03-20 21:18:48.462000,1.12695,1.12679,1500000,1000000
2016-03-20 21:18:50.282000,1.12695,1.12678,1500000,1000000
2016-03-20 21:18:50.911000,1.12695,1.12679,1500000,1000000
2016-03-20 21:18:56.919000,1.12695,1.12678,1500000,1000000
2016-03-20 21:18:57.619000,1.12695,1.12679,1500000,1000000
2016-03-20 21:19:00.225000,1.12697,1.12679,1000000,1000000
2016-03-20 21:19:00.629000,1.12697,1.12676,1000000,1000000
2016-03-20 21:19:00.926000,1.12695,1.12676,1000000,1000000
2016-03-20 21:19:01.607000,1.12696,1.12676,1000000,1000000
2016-03-20 21:19:02.230000,1.12695,1.12676,1000000,1000000
2016-03-20 21:19:03.191000,1.12696,1.12676,1000000,1000000
2016-03-20 21:19:03.793000,1.12695,1.12676,1000000,1000000
2016-03-20 21:19:05.250000,1.12695,1.12675,1000000,3000000
2016-03-20 21:19:05.515000,1.12695,1.12673,1000000,1500000
2016-03-20 21:19:06.329000,1.12695,1.12674,1000000,1000000
2016-03-20 21:19:11.244000,1.12695,1.12673,1000000,1500000
2016-03-20 21:19:12.858000,1.12695,1.12674,1000000,1000000
2016-03-20 21:19:14.752000,1.12695,1.12673,1000000,1000000
2016-03-20 21:19:15.716000,1.12689,1.12671,1000000,1500000
2016-03-20 21:19:16.072000,1.12686,1.12671,1000000,1000000
2016-03-20 21:19:16.614000,1.12685,1.12671,1000000,1000000
2016-03-20 21:19:21.897000,1.12686,1.12671,1000000,1000000
2016-03-20 21:19:22.329000,1.12686,1.12673,1000000,1000000
2016-03-20 21:19:22.481000,1.12690,1.12673,1000000,1000000
2016-03-20 21:19:22.583000,1.12695,1.12675,1000000,1000000
2016-03-20 21:19:22.684000,1.12697,1.12673,1000000,1000000
2016-03-20 21:19:22.786000,1.12695,1.12675,1000000,1000000
2016-03-20 21:19:24.587000,1.12696,1.12674,1000000,1000000
2016-03-20 21:19:25.096000,1.12695,1.12675,1000000,1000000
2016-03-20 21:19:27.772000,1.12696,1.12674,1000000,1000000
2016-03-20 21:19:28.316000,1.12695,1.12675,1000000,1000000
2016-03-20 21:19:29.879000,1.12696,1.12674,1000000,1000000
2016-03-20 21:19:30.428000,1.12695,1.12675,1000000,1000000
2016-03-20 21:19:33.034000,1.12698,1.12680,1100000,1000000
2016-03-20 21:19:33.662000,1.12698,1.12679,1100000,1000000
2016-03-20 21:19:35.002000,1.12698,1.12680,1100000,1000000
2016-03-20 21:19:36.035000,1.12696,1.12680,1000000,1000000
2016-03-20 21:19:36.610000,1.12695,1.12680,1000000,2250000
2016-03-20 21:19:53.069000,1.12695,1.12682,1000000,1190000
2016-03-20 21:19:53.171000,1.12697,1.12685,1000000,1250000
2016-03-20 21:19:53.736000,1.12698,1.12685,1000000,1250000
2016-03-20 21:19:54.461000,1.12697,1.12685,1000000,1250000
2016-03-20 21:19:57.931000,1.12696,1.12685,1000000,1250000
2016-03-20 21:19:58.736000,1.12697,1.12685,1000000,1250000
2016-03-20 21:19:58.787000,1.12697,1.12685,1000000,1690000
2016-03-20 21:19:59.090000,1.12720,1.12702,1000000,1310000
2016-03-20 21:19:59.141000,1.12713,1.12702,4750000,1310000
2016-03-20 21:19:59.344000,1.12718,1.12703,1000000,1260000
2016-03-20 21:19:59.529000,1.12718,1.12705,1000000,1870000
2016-03-20 21:20:00.451000,1.12734,1.12705,1000000,1870000
2016-03-20 21:20:00.954000,1.12735,1.12705,1000000,1870000
2016-03-20 21:20:01.525000,1.12736,1.12705,1000000,1120000
2016-03-20 21:20:02.056000,1.12735,1.12705,1000000,1870000
2016-03-20 21:20:04.796000,1.12735,1.12705,1000000,1570000
2016-03-20 21:20:04.956000,1.12735,1.12711,1000000,1500000
2016-03-20 21:20:05.567000,1.12736,1.12710,1000000,1500000
2016-03-20 21:20:06.667000,1.12735,1.12710,1000000,1500000
2016-03-20 21:20:08.986000,1.12730,1.12710,1000000,3000000
2016-03-20 21:20:09.138000,1.12730,1.12706,1000000,2250000
2016-03-20 21:20:09.240000,1.12730,1.12703,1000000,2250000
2016-03-20 21:20:09.824000,1.12731,1.12703,1000000,2250000
2016-03-20 21:20:10.347000,1.12730,1.12703,1000000,2250000
2016-03-20 21:20:15.069000,1.12710,1.12703,1190000,2250000
2016-03-20 21:20:15.373000,1.12700,1.12697,1000000,1500000
2016-03-20 21:20:15.575000,1.12713,1.12696,1000000,1500000
2016-03-20 21:20:15.676000,1.12725,1.12697,3820000,1500000
2016-03-20 21:20:15.879000,1.12725,1.12695,1570000,2250000
2016-03-20 21:20:16.136000,1.12718,1.12695,1000000,2250000
2016-03-20 21:20:16.439000,1.12720,1.12695,1000000,4500000
2016-03-20 21:20:16.490000,1.12723,1.12695,1570000,5250000
2016-03-20 21:20:16.842000,1.12725,1.12698,1570000,2250000
2016-03-20 21:20:19.041000,1.12725,1.12694,1760000,5250000
2016-03-20 21:20:21.044000,1.12725,1.12693,1760000,2250000
2016-03-20 21:20:21.870000,1.12725,1.12693,1760000,3190000
2016-03-20 21:20:22.037000,1.12726,1.12695,1570000,3000000
2016-03-20 21:20:22.088000,1.12728,1.12699,1570000,1500000
2016-03-20 21:20:22.808000,1.12729,1.12698,2060000,1500000
2016-03-20 21:20:23.329000,1.12728,1.12699,1570000,1500000
2016-03-20 21:20:33.165000,1.12729,1.12700,1870000,1500000
2016-03-20 21:20:37.766000,1.12729,1.12700,1500000,1500000
2016-03-20 21:20:38.273000,1.12730,1.12701,1570000,2250000
2016-03-20 21:20:39.776000,1.12732,1.12700,2140000,4500000
2016-03-20 21:20:40.303000,1.12731,1.12701,1570000,2250000
2016-03-20 21:20:44.396000,1.12731,1.12701,1500000,2320000
2016-03-20 21:20:50.995000,1.12734,1.12701,2700000,2320000
2016-03-20 21:21:13.082000,1.12733,1.12702,1600000,2320000
2016-03-20 21:21:13.640000,1.12730,1.12701,1000000,2320000
2016-03-20 21:21:19.926000,1.12731,1.12701,1140000,2250000
2016-03-20 21:21:20.469000,1.12733,1.12702,2140000,2250000
2016-03-20 21:21:23.979000,1.12734,1.12701,1600000,2250000
2016-03-20 21:21:24.531000,1.12733,1.12702,2140000,1500000
2016-03-20 21:21:27.185000,1.12733,1.12702,2060000,1570000
2016-03-20 21:21:28.927000,1.12733,1.12702,2140000,1500000
2016-03-20 21:21:29.049000,1.12730,1.12702,1500000,1500000
2016-03-20 21:21:29.100000,1.12730,1.12698,3750000,2250000
2016-03-20 21:21:30.806000,1.12730,1.12698,3940000,2250000
2016-03-20 21:21:32.025000,1.12730,1.12698,4010000,2250000
2016-03-20 21:21:33.210000,1.12726,1.12694,1500000,2250000
2016-03-20 21:21:35.408000,1.12726,1.12694,1500000,2810000
2016-03-20 21:21:35.714000,1.12730,1.12698,3000000,1570000
2016-03-20 21:21:41.021000,1.12734,1.12700,1760000,3070000
2016-03-20 21:21:42.128000,1.12733,1.12701,2140000,1500000
2016-03-20 21:21:49.209000,1.12734,1.12700,2140000,5320000
2016-03-20 21:21:50.111000,1.12733,1.12701,2140000,1500000
2016-03-20 21:21:55.854000,1.12735,1.12700,4690000,3070000
2016-03-20 21:21:56.361000,1.12734,1.12701,2140000,1500000
2016-03-20 21:22:01.657000,1.12734,1.12701,1760000,1500000
2016-03-20 21:22:01.972000,1.12730,1.12697,3260000,2250000
2016-03-20 21:22:02.181000,1.12726,1.12693,1690000,2250000
2016-03-20 21:22:08.146000,1.12727,1.12692,1760000,2250000
2016-03-20 21:22:09.262000,1.12727,1.12691,1760000,2250000
2016-03-20 21:22:09.464000,1.12726,1.12692,1690000,2250000
2016-03-20 21:22:12.799000,1.12727,1.12691,1760000,2250000
2016-03-20 21:22:13.309000,1.12726,1.12692,1690000,2250000
2016-03-20 21:22:17.871000,1.12727,1.12691,1760000,2440000
2016-03-20 21:22:18.174000,1.12727,1.12693,1760000,2250000
2016-03-20 21:22:18.705000,1.12727,1.12693,1760000,2250000
2016-03-20 21:22:21.683000,1.12728,1.12692,1760000,2250000
2016-03-20 21:22:21.987000,1.12720,1.12689,1290000,2250000
2016-03-20 21:22:22.290000,1.12720,1.12686,4010000,2250000
2016-03-20 21:22:23.294000,1.12720,1.12685,1760000,4500000
2016-03-20 21:22:23.880000,1.12720,1.12686,4010000,2250000
2016-03-20 21:22:24.490000,1.12720,1.12686,4010000,2250000
2016-03-20 21:22:25.714000,1.12718,1.12686,1000000,2250000
2016-03-20 21:22:26.017000,1.12715,1.12686,1250000,2250000
2016-03-20 21:22:26.119000,1.12715,1.12682,1250000,2250000
2016-03-20 21:22:29.196000,1.12712,1.12682,2250000,2250000
2016-03-20 21:22:29.701000,1.12716,1.12682,1690000,2250000
2016-03-20 21:22:32.025000,1.12715,1.12681,1190000,1500000
2016-03-20 21:22:32.885000,1.12709,1.12681,1000000,1500000
2016-03-20 21:22:33.188000,1.12705,1.12681,1000000,1500000
2016-03-20 21:22:33.874000,1.12706,1.12681,1000000,1500000
2016-03-20 21:22:34.484000,1.12705,1.12681,1000000,1500000
2016-03-20 21:22:37.149000,1.12705,1.12679,1000000,2320000
2016-03-20 21:22:37.200000,1.12700,1.12679,1000000,2320000
2016-03-20 21:22:38.196000,1.12701,1.12679,1000000,2320000
2016-03-20 21:22:38.711000,1.12700,1.12679,1000000,2320000
2016-03-20 21:22:39.300000,1.12698,1.12679,1000000,2320000
2016-03-20 21:22:39.603000,1.12695,1.12679,1000000,2250000
2016-03-20 21:22:40.211000,1.12695,1.12680,1000000,1000000
2016-03-20 21:22:40.903000,1.12696,1.12680,1000000,1000000
2016-03-20 21:22:41.405000,1.12695,1.12679,1000000,1500000
2016-03-20 21:22:42.766000,1.12695,1.12678,1000000,1000000
2016-03-20 21:22:43.303000,1.12696,1.12678,1000000,1000000
2016-03-20 21:22:43.849000,1.12695,1.12678,1000000,1000000
2016-03-20 21:22:44.131000,1.12710,1.12679,1870000,1100000
2016-03-20 21:22:44.637000,1.12712,1.12680,3370000,1000000
2016-03-20 21:23:02.177000,1.12712,1.12679,1870000,1570000
2016-03-20 21:23:04.090000,1.12713,1.12680,3370000,1000000
2016-03-20 21:23:05.897000,1.12713,1.12679,3370000,1570000
2016-03-20 21:23:06.446000,1.12712,1.12680,1870000,1000000
2016-03-20 21:23:10.914000,1.12712,1.12679,1870000,1570000
2016-03-20 21:23:13.019000,1.12712,1.12680,1870000,1000000
2016-03-20 21:23:18.620000,1.12710,1.12680,1120000,1000000
2016-03-20 21:23:18.722000,1.12705,1.12676,1070000,1000000
2016-03-20 21:23:24.078000,1.12705,1.12676,1260000,1000000
2016-03-20 21:23:24.382000,1.12695,1.12676,1000000,1000000
2016-03-20 21:23:25.051000,1.12696,1.12676,1000000,1000000
2016-03-20 21:23:25.608000,1.12695,1.12676,1000000,1000000
2016-03-20 21:23:26.244000,1.12695,1.12678,1000000,1000000
2016-03-20 21:23:26.346000,1.12706,1.12678,1870000,1000000
2016-03-20 21:23:26.447000,1.12706,1.12680,1870000,1000000
2016-03-20 21:23:28.326000,1.12706,1.12679,1870000,1000000
2016-03-20 21:23:30.136000,1.12706,1.12680,1870000,1000000
2016-03-20 21:23:47.795000,1.12709,1.12675,1950000,1000000
2016-03-20 21:23:51.777000,1.12708,1.12674,1950000,1500000
2016-03-20 21:23:52.344000,1.12708,1.12675,1950000,1000000
2016-03-20 21:24:03.997000,1.12699,1.12675,1000000,1500000
2016-03-20 21:24:04.319000,1.12695,1.12675,1000000,1500000
2016-03-20 21:24:06.124000,1.12700,1.12675,1120000,1500000
2016-03-20 21:24:17.066000,1.12708,1.12675,1950000,2250000
2016-03-20 21:24:17.168000,1.12708,1.12675,1570000,1690000
2016-03-20 21:24:17.471000,1.12708,1.12676,1570000,1190000
2016-03-20 21:24:23.199000,1.12712,1.12676,1870000,3190000
2016-03-20 21:24:34.721000,1.12714,1.12682,1570000,1000000
2016-03-20 21:24:34.772000,1.12715,1.12682,4870000,1750000
2016-03-20 21:24:35.075000,1.12715,1.12686,1120000,1250000
2016-03-20 21:24:35.656000,1.12715,1.12687,1120000,1500000
2016-03-20 21:24:36.212000,1.12715,1.12686,1120000,2440000
2016-03-20 21:24:36.815000,1.12715,1.12687,1120000,1500000
2016-03-20 21:24:46.832000,1.12715,1.12686,1120000,2440000
2016-03-20 21:24:48.847000,1.12715,1.12687,1120000,1500000
2016-03-20 21:24:50.110000,1.12715,1.12687,1120000,1690000
2016-03-20 21:24:51.042000,1.12720,1.12687,4690000,1690000
2016-03-20 21:24:56.864000,1.12715,1.12686,1120000,2440000
2016-03-20 21:24:58.851000,1.12715,1.12687,1120000,1500000
2016-03-20 21:24:59.868000,1.12715,1.12686,1120000,2440000
2016-03-20 21:25:00.409000,1.12715,1.12687,1120000,1500000
2016-03-20 21:25:04.970000,1.12715,1.12686,1120000,2440000
2016-03-20 21:25:18.194000,1.12715,1.12685,1500000,8060000
2016-03-20 21:25:20.615000,1.12715,1.12685,1070000,8060000
2016-03-20 21:25:25.246000,1.12716,1.12686,1120000,2250000
2016-03-20 21:25:29.857000,1.12715,1.12687,1500000,1000000
2016-03-20 21:25:37.831000,1.12710,1.12685,1100000,2250000
2016-03-20 21:25:37.882000,1.12710,1.12685,1620000,2250000
2016-03-20 21:25:38.199000,1.12705,1.12685,1000000,1000000
2016-03-20 21:25:44.039000,1.12704,1.12685,1000000,1000000
2016-03-20 21:25:44.433000,1.12702,1.12685,1070000,1000000
2016-03-20 21:25:48.557000,1.12703,1.12685,1000000,1000000
2016-03-20 21:25:48.714000,1.12703,1.12686,1000000,1370000
2016-03-20 21:25:48.765000,1.12712,1.12686,2320000,1370000
2016-03-20 21:26:04.421000,1.12715,1.12686,1070000,3560000
2016-03-20 21:26:05.221000,1.12715,1.12686,1070000,3190000
2016-03-20 21:26:05.789000,1.12715,1.12686,1070000,3560000
2016-03-20 21:26:06.551000,1.12713,1.12686,1100000,2250000
2016-03-20 21:26:06.603000,1.12713,1.12686,1370000,2250000
2016-03-20 21:26:06.956000,1.12713,1.12683,1370000,1000000
2016-03-20 21:26:07.276000,1.12713,1.12680,1370000,2440000
2016-03-20 21:26:21.658000,1.12706,1.12678,1000000,2250000
2016-03-20 21:26:21.963000,1.12700,1.12678,1000000,2250000
2016-03-20 21:26:22.014000,1.12700,1.12675,1000000,2620000
2016-03-20 21:26:25.844000,1.12701,1.12676,1000000,1000000
2016-03-20 21:26:27.705000,1.12699,1.12676,1000000,1000000
2016-03-20 21:26:28.112000,1.12695,1.12675,1000000,1000000
2016-03-20 21:26:29.478000,1.12695,1.12677,1000000,1000000
2016-03-20 21:26:29.529000,1.12705,1.12677,4500000,1000000
2016-03-20 21:26:29.790000,1.12705,1.12677,1000000,1190000
2016-03-20 21:26:30.147000,1.12714,1.12677,2620000,2440000
2016-03-20 21:26:35.604000,1.12713,1.12678,2620000,2440000
2016-03-20 21:26:51.412000,1.12713,1.12678,1370000,2440000
2016-03-20 21:27:49.693000,1.12715,1.12678,2620000,1690000
2016-03-20 21:27:51.861000,1.12715,1.12678,4120000,1690000
2016-03-20 21:28:07.403000,1.12714,1.12677,1870000,1690000
2016-03-20 21:28:10.448000,1.12714,1.12677,1870000,1690000
2016-03-20 21:28:14.718000,1.12706,1.12677,1000000,1690000
2016-03-20 21:28:15.022000,1.12698,1.12675,3370000,2250000
2016-03-20 21:28:15.667000,1.12698,1.12674,3370000,1000000
2016-03-20 21:28:17.436000,1.12698,1.12675,4120000,1000000
2016-03-20 21:28:17.690000,1.12703,1.12677,1000000,1000000
2016-03-20 21:28:17.753000,1.12706,1.12677,1500000,1000000
2016-03-20 21:28:18.331000,1.12711,1.12677,1870000,1190000
2016-03-20 21:28:20.909000,1.12714,1.12678,1870000,1690000
2016-03-20 21:28:33.045000,1.12715,1.12678,4870000,1690000
2016-03-20 21:28:49.428000,1.12714,1.12677,2620000,1690000
2016-03-20 21:28:51.166000,1.12713,1.12677,1370000,1690000
2016-03-20 21:29:06.417000,1.12698,1.12677,1000000,1690000
2016-03-20 21:29:06.468000,1.12698,1.12677,1000000,1500000
2016-03-20 21:29:06.606000,1.12698,1.12675,1000000,3750000
2016-03-20 21:29:09.606000,1.12696,1.12675,1000000,1500000
2016-03-20 21:29:10.112000,1.12696,1.12674,1570000,1000000
2016-03-20 21:29:11.369000,1.12695,1.12676,1100000,1000000
2016-03-20 21:29:11.571000,1.12702,1.12676,1000000,1500000
2016-03-20 21:29:11.773000,1.12703,1.12676,1000000,1690000
2016-03-20 21:29:11.926000,1.12710,1.12676,3070000,1690000
2016-03-20 21:29:12.878000,1.12714,1.12676,2620000,3940000
2016-03-20 21:29:36.228000,1.12715,1.12678,1000000,2440000
2016-03-20 21:29:36.393000,1.12716,1.12680,1500000,1190000
2016-03-20 21:29:36.816000,1.12720,1.12682,3070000,2440000
2016-03-20 21:29:46.734000,1.12720,1.12682,3070000,2440000
2016-03-20 21:30:02.584000,1.12717,1.12683,1000000,1690000
2016-03-20 21:30:02.736000,1.12713,1.12683,1370000,1500000
2016-03-20 21:30:02.888000,1.12710,1.12680,1070000,1500000
2016-03-20 21:30:02.939000,1.12710,1.12678,1070000,2250000
2016-03-20 21:30:07.118000,1.12710,1.12678,1370000,2250000
2016-03-20 21:30:08.800000,1.12710,1.12677,1370000,1690000
2016-03-20 21:30:08.851000,1.12710,1.12677,1070000,1690000
2016-03-20 21:30:12.974000,1.12710,1.12677,1070000,1690000
2016-03-20 21:30:17.479000,1.12710,1.12677,1070000,2440000
2016-03-20 21:30:18.040000,1.12710,1.12678,1000000,2440000
2016-03-20 21:30:18.869000,1.12711,1.12678,1000000,2440000
2016-03-20 21:30:19.572000,1.12710,1.12679,1000000,2440000
2016-03-20 21:30:23.492000,1.12711,1.12679,1000000,2440000
2016-03-20 21:30:26.890000,1.12710,1.12679,1000000,2440000
2016-03-20 21:30:29.518000,1.12711,1.12679,1000000,2440000
2016-03-20 21:30:31.125000,1.12710,1.12679,1000000,1690000
2016-03-20 21:30:31.680000,1.12710,1.12679,1070000,1690000
2016-03-20 21:30:34.840000,1.12710,1.12678,1070000,1690000
2016-03-20 21:30:35.831000,1.12710,1.12679,1070000,1500000
2016-03-20 21:30:40.811000,1.12710,1.12678,1070000,1690000
2016-03-20 21:30:41.444000,1.12710,1.12679,1070000,1500000
2016-03-20 21:30:43.619000,1.12710,1.12678,1070000,1690000
2016-03-20 21:30:44.306000,1.12710,1.12679,1070000,1500000
2016-03-20 21:30:47.054000,1.12710,1.12678,1070000,1500000
2016-03-20 21:30:47.664000,1.12710,1.12679,1070000,1500000
2016-03-20 21:30:52.471000,1.12710,1.12678,1070000,1690000
2016-03-20 21:30:52.997000,1.12710,1.12679,1070000,1500000
2016-03-20 21:30:54.837000,1.12710,1.12678,1070000,1690000
2016-03-20 21:30:55.489000,1.12710,1.12679,1070000,1500000
2016-03-20 21:30:58.480000,1.12710,1.12678,1070000,1690000
2016-03-20 21:30:59.219000,1.12710,1.12679,1070000,1500000
2016-03-20 21:31:02.450000,1.12710,1.12678,1070000,1690000
2016-03-20 21:31:02.952000,1.12710,1.12679,1070000,1500000
2016-03-20 21:31:04.487000,1.12710,1.12678,1070000,2440000
2016-03-20 21:31:05.727000,1.12710,1.12678,1000000,2440000
2016-03-20 21:31:06.243000,1.12710,1.12678,1070000,2440000
2016-03-20 21:31:26.286000,1.12710,1.12678,1070000,2440000
2016-03-20 21:31:54.250000,1.12705,1.12678,1190000,1690000
2016-03-20 21:31:54.553000,1.12697,1.12677,1000000,1500000
2016-03-20 21:31:54.804000,1.12697,1.12673,1870000,1000000
2016-03-20 21:31:56.612000,1.12697,1.12673,1870000,1870000
2016-03-20 21:31:56.815000,1.12706,1.12676,1070000,1000000
2016-03-20 21:31:57.324000,1.12710,1.12677,1370000,1500000
2016-03-20 21:32:09.185000,1.12710,1.12677,2320000,2440000
2016-03-20 21:32:16.335000,1.12710,1.12678,2320000,1500000
2016-03-20 21:32:24.364000,1.12710,1.12677,1570000,1690000
2016-03-20 21:32:25.825000,1.12710,1.12678,2320000,1500000
2016-03-20 21:32:33.096000,1.12710,1.12678,2320000,1500000
2016-03-20 21:32:42.805000,1.12710,1.12678,2320000,2250000
2016-03-20 21:32:49.617000,1.12710,1.12677,2320000,2440000
2016-03-20 21:32:50.243000,1.12710,1.12677,2320000,2440000
2016-03-20 21:32:50.937000,1.12710,1.12677,2320000,2440000
2016-03-20 21:33:06.662000,1.12710,1.12677,2320000,1690000
2016-03-20 21:33:16.134000,1.12710,1.12677,2320000,1690000
2016-03-20 21:33:20.389000,1.12710,1.12677,1070000,1500000
2016-03-20 21:33:25.450000,1.12710,1.12678,2320000,1500000
2016-03-20 21:33:26.579000,1.12710,1.12677,2320000,1690000
2016-03-20 21:33:33.048000,1.12710,1.12676,2320000,1690000
2016-03-20 21:33:40.354000,1.12710,1.12676,2320000,1690000
2016-03-20 21:33:40.874000,1.12710,1.12675,1570000,4690000
2016-03-20 21:33:41.813000,1.12710,1.12676,2320000,1690000
2016-03-20 21:33:42.856000,1.12710,1.12675,1570000,4690000
2016-03-20 21:33:51.869000,1.12710,1.12675,2320000,3190000
2016-03-20 21:34:13.354000,1.12711,1.12675,1070000,1000000
2016-03-20 21:34:30.708000,1.12706,1.12678,1500000,1500000
2016-03-20 21:34:32.934000,1.12707,1.12677,1570000,1500000
2016-03-20 21:34:33.443000,1.12706,1.12678,1500000,1500000
2016-03-20 21:34:41.346000,1.12712,1.12675,1120000,2440000
2016-03-20 21:34:52.039000,1.12712,1.12675,1120000,2060000
2016-03-20 21:35:07.065000,1.12710,1.12676,1070000,1250000
2016-03-20 21:35:17.072000,1.12709,1.12676,1070000,1190000
2016-03-20 21:35:21.068000,1.12709,1.12676,1070000,1000000
2016-03-20 21:35:48.092000,1.12709,1.12676,1070000,1190000
2016-03-20 21:35:53.329000,1.12709,1.12676,1070000,1190000
2016-03-20 21:35:53.938000,1.12709,1.12676,1070000,1190000
2016-03-20 21:36:08.414000,1.12709,1.12676,1070000,2060000
2016-03-20 21:36:08.946000,1.12710,1.12679,1070000,1000000
2016-03-20 21:36:10.482000,1.12710,1.12679,1370000,1000000
2016-03-20 21:36:12.864000,1.12710,1.12679,1870000,1190000
2016-03-20 21:36:14.666000,1.12709,1.12678,1120000,1560000
2016-03-20 21:36:16.677000,1.12710,1.12678,1370000,1560000
2016-03-20 21:36:18.587000,1.12709,1.12679,1120000,1250000
2016-03-20 21:36:22.994000,1.12710,1.12679,1370000,1190000
2016-03-20 21:36:23.498000,1.12710,1.12679,1370000,1190000
2016-03-20 21:36:24.502000,1.12710,1.12679,1370000,1250000
2016-03-20 21:36:37.230000,1.12706,1.12679,1070000,1250000
2016-03-20 21:36:41.675000,1.12696,1.12678,1000000,1500000
2016-03-20 21:36:41.727000,1.12696,1.12675,1000000,6560000
2016-03-20 21:36:42.235000,1.12695,1.12675,1000000,3750000
2016-03-20 21:36:44.187000,1.12696,1.12675,1500000,3000000
2016-03-20 21:36:46.027000,1.12695,1.12675,1000000,3750000
2016-03-20 21:36:58.946000,1.12696,1.12674,1500000,1000000
2016-03-20 21:37:01.344000,1.12695,1.12675,1000000,1000000
2016-03-20 21:37:09.536000,1.12696,1.12674,1500000,1000000
2016-03-20 21:37:10.054000,1.12695,1.12675,1000000,1000000
2016-03-20 21:37:11.449000,1.12702,1.12675,1500000,1500000
2016-03-20 21:37:11.955000,1.12705,1.12675,1070000,1690000
2016-03-20 21:37:12.483000,1.12705,1.12675,1070000,1690000
2016-03-20 21:37:13.023000,1.12710,1.12676,1750000,1190000
2016-03-20 21:37:15.927000,1.12710,1.12676,1750000,1310000
2016-03-20 21:37:16.078000,1.12711,1.12678,1370000,1000000
2016-03-20 21:37:18.924000,1.12700,1.12677,1000000,1690000
2016-03-20 21:37:19.266000,1.12690,1.12677,3820000,1000000
2016-03-20 21:37:19.772000,1.12690,1.12676,3820000,1500000
2016-03-20 21:37:20.235000,1.12688,1.12676,1000000,1500000
2016-03-20 21:37:24.238000,1.12688,1.12675,1000000,1500000
2016-03-20 21:37:24.289000,1.12688,1.12672,1000000,1500000
2016-03-20 21:37:25.925000,1.12688,1.12672,1000000,1000000
2016-03-20 21:37:26.127000,1.12686,1.12668,1000000,1500000
2016-03-20 21:37:26.680000,1.12685,1.12668,1000000,1500000
2016-03-20 21:37:27.238000,1.12685,1.12667,1000000,1500000
2016-03-20 21:37:27.779000,1.12686,1.12668,1500000,1500000
2016-03-20 21:37:28.540000,1.12685,1.12668,1000000,1500000
2016-03-20 21:37:29.079000,1.12686,1.12668,1500000,1500000
2016-03-20 21:37:30.046000,1.12686,1.12665,1000000,1500000
2016-03-20 21:37:30.189000,1.12685,1.12661,1000000,2250000
2016-03-20 21:37:31.098000,1.12686,1.12661,1000000,2250000
2016-03-20 21:37:31.609000,1.12685,1.12661,1000000,2250000
2016-03-20 21:37:31.822000,1.12685,1.12661,1120000,2440000
2016-03-20 21:37:32.328000,1.12685,1.12661,1120000,1690000
2016-03-20 21:37:33.016000,1.12685,1.12661,1120000,1500000
2016-03-20 21:37:33.564000,1.12680,1.12661,1100000,1500000
2016-03-20 21:37:34.361000,1.12680,1.12660,1100000,3000000
2016-03-20 21:37:35.004000,1.12680,1.12661,1100000,1500000
2016-03-20 21:37:35.704000,1.12680,1.12659,1100000,1000000
2016-03-20 21:37:36.213000,1.12680,1.12660,1000000,1000000
2016-03-20 21:37:41.892000,1.12681,1.12660,1000000,1000000
2016-03-20 21:37:42.813000,1.12680,1.12660,1000000,1000000
2016-03-20 21:37:44.736000,1.12680,1.12660,1000000,1190000
2016-03-20 21:37:46.844000,1.12681,1.12659,1000000,1690000
2016-03-20 21:37:49.036000,1.12680,1.12659,1000000,1690000
2016-03-20 21:37:49.732000,1.12680,1.12659,1000000,1690000
2016-03-20 21:37:49.839000,1.12685,1.12659,1000000,1500000
2016-03-20 21:37:53.256000,1.12686,1.12659,1000000,1000000
2016-03-20 21:37:53.957000,1.12685,1.12659,1000000,1000000
2016-03-20 21:37:56.760000,1.12686,1.12659,1000000,1000000
2016-03-20 21:37:58.748000,1.12685,1.12659,1000000,1000000
2016-03-20 21:38:00.745000,1.12686,1.12659,1000000,1000000
2016-03-20 21:38:01.847000,1.12685,1.12659,1000000,1000000
2016-03-20 21:38:05.209000,1.12685,1.12658,1000000,1690000
2016-03-20 21:38:05.701000,1.12685,1.12658,1000000,2060000
2016-03-20 21:38:06.950000,1.12686,1.12660,1000000,1000000
2016-03-20 21:38:07.559000,1.12685,1.12660,1000000,1000000
2016-03-20 21:38:11.472000,1.12688,1.12660,1500000,1000000
2016-03-20 21:38:15.871000,1.12688,1.12661,1000000,1370000
2016-03-20 21:38:25.350000,1.12688,1.12660,1000000,2440000
2016-03-20 21:38:29.814000,1.12688,1.12660,1000000,2440000
2016-03-20 21:38:31.642000,1.12690,1.12660,1000000,3260000
2016-03-20 21:38:32.404000,1.12690,1.12663,1000000,1000000
2016-03-20 21:38:35.806000,1.12690,1.12661,1000000,1320000
2016-03-20 21:38:42.106000,1.12688,1.12661,1000000,1320000
2016-03-20 21:38:47.999000,1.12688,1.12663,1000000,1000000
2016-03-20 21:38:55.110000,1.12688,1.12662,1000000,1000000
2016-03-20 21:38:58.131000,1.12688,1.12661,1000000,1250000
2016-03-20 21:39:51.063000,1.12686,1.12661,1000000,1250000
2016-03-20 21:39:51.401000,1.12686,1.12660,1870000,1500000
2016-03-20 21:39:51.503000,1.12686,1.12660,1570000,1500000
2016-03-20 21:39:52.534000,1.12686,1.12657,1570000,1000000
2016-03-20 21:39:53.053000,1.12686,1.12656,1570000,1250000
2016-03-20 21:39:57.898000,1.12686,1.12656,1000000,1000000
2016-03-20 21:39:58.367000,1.12686,1.12655,1000000,1560000
2016-03-20 21:39:58.519000,1.12688,1.12655,1000000,2060000
2016-03-20 21:40:26.638000,1.12688,1.12656,1000000,1190000
2016-03-20 21:40:32.862000,1.12688,1.12656,1250000,1190000
2016-03-20 21:40:33.488000,1.12688,1.12656,1000000,1190000
2016-03-20 21:40:36.935000,1.12688,1.12656,1000000,1190000
2016-03-20 21:40:39.178000,1.12688,1.12656,1000000,1190000
2016-03-20 21:40:43.954000,1.12682,1.12656,2250000,1000000
2016-03-20 21:40:44.287000,1.12679,1.12653,1000000,1000000
2016-03-20 21:40:45.277000,1.12679,1.12652,1000000,2060000
2016-03-20 21:40:48.815000,1.12682,1.12652,2440000,2060000
2016-03-20 21:40:48.967000,1.12683,1.12652,1000000,2060000
2016-03-20 21:40:49.271000,1.12684,1.12655,1000000,1190000
2016-03-20 21:40:49.372000,1.12688,1.12655,1000000,1190000
2016-03-20 21:40:49.878000,1.12688,1.12655,1000000,1190000
2016-03-20 21:40:53.090000,1.12688,1.12655,1250000,2440000
2016-03-20 21:40:53.650000,1.12688,1.12655,1000000,2440000
2016-03-20 21:40:58.732000,1.12690,1.12655,1190000,2440000
2016-03-20 21:41:03.379000,1.12690,1.12655,1250000,2440000
2016-03-20 21:42:02.069000,1.12689,1.12660,1000000,1250000
2016-03-20 21:42:15.691000,1.12689,1.12660,1000000,1190000
2016-03-20 21:42:17.194000,1.12689,1.12660,1000000,1190000
2016-03-20 21:42:42.028000,1.12690,1.12660,1250000,1190000
2016-03-20 21:43:22.056000,1.12689,1.12660,1000000,1190000
2016-03-20 21:44:16.784000,1.12689,1.12660,1000000,1190000
2016-03-20 21:45:11.425000,1.12690,1.12661,1000000,1190000
2016-03-20 21:45:11.728000,1.12690,1.12663,1000000,1370000
2016-03-20 21:45:26.062000,1.12688,1.12662,1000000,1870000
2016-03-20 21:45:27.142000,1.12688,1.12661,1000000,1250000
2016-03-20 21:45:29.111000,1.12688,1.12660,1000000,1120000
2016-03-20 21:45:33.353000,1.12688,1.12659,1000000,1250000
2016-03-20 21:45:57.416000,1.12685,1.12658,1000000,1190000
2016-03-20 21:45:57.920000,1.12686,1.12658,1000000,1190000
2016-03-20 21:45:58.449000,1.12685,1.12658,1000000,1190000
2016-03-20 21:45:58.973000,1.12686,1.12658,1000000,1190000
2016-03-20 21:45:59.506000,1.12685,1.12658,1000000,1190000
2016-03-20 21:46:01.348000,1.12686,1.12658,1000000,1190000
2016-03-20 21:46:01.916000,1.12685,1.12658,1000000,1190000
2016-03-20 21:46:05.250000,1.12686,1.12658,1000000,1190000
2016-03-20 21:46:05.838000,1.12685,1.12658,1000000,1190000
2016-03-20 21:46:06.442000,1.12686,1.12658,1000000,1190000
2016-03-20 21:46:06.946000,1.12685,1.12658,1000000,1190000
2016-03-20 21:46:08.330000,1.12685,1.12658,1000000,1250000
2016-03-20 21:46:09.427000,1.12685,1.12658,1000000,1190000
2016-03-20 21:46:10.069000,1.12686,1.12658,1000000,1190000
2016-03-20 21:46:10.670000,1.12685,1.12658,1000000,1190000
2016-03-20 21:46:11.224000,1.12686,1.12658,1000000,1190000
2016-03-20 21:46:11.788000,1.12685,1.12658,1000000,1190000
2016-03-20 21:46:12.295000,1.12686,1.12658,1000000,1190000
2016-03-20 21:46:12.834000,1.12685,1.12658,1000000,1190000
2016-03-20 21:46:13.038000,1.12686,1.12657,1250000,1250000
2016-03-20 21:46:13.211000,1.12686,1.12657,1000000,1190000
2016-03-20 21:46:13.748000,1.12685,1.12655,1000000,2060000
2016-03-20 21:46:16.556000,1.12686,1.12654,1000000,1760000
2016-03-20 21:46:17.061000,1.12685,1.12654,1000000,1760000
2016-03-20 21:46:23.560000,1.12686,1.12654,1000000,1760000
2016-03-20 21:46:24.096000,1.12685,1.12654,1000000,1760000
2016-03-20 21:46:31.513000,1.12686,1.12654,1000000,1760000
2016-03-20 21:46:32.117000,1.12685,1.12654,1000000,1760000
2016-03-20 21:46:33.270000,1.12685,1.12654,1000000,1760000
2016-03-20 21:46:34.431000,1.12686,1.12654,1000000,1260000
2016-03-20 21:46:34.945000,1.12685,1.12654,1000000,1260000
2016-03-20 21:46:40.287000,1.12686,1.12654,1000000,1260000
2016-03-20 21:46:40.843000,1.12685,1.12654,1000000,1260000
2016-03-20 21:46:44.014000,1.12685,1.12654,1000000,1190000
2016-03-20 21:46:44.319000,1.12685,1.12654,1000000,1190000
2016-03-20 21:46:46.081000,1.12686,1.12653,1000000,2810000
2016-03-20 21:46:46.589000,1.12685,1.12653,1000000,2810000
2016-03-20 21:46:49.187000,1.12685,1.12653,1000000,2810000
2016-03-20 21:46:52.301000,1.12685,1.12653,1000000,2810000
2016-03-20 21:46:53.002000,1.12685,1.12653,1000000,2810000
2016-03-20 21:46:53.603000,1.12685,1.12653,1000000,2060000
2016-03-20 21:46:54.129000,1.12686,1.12653,1000000,2060000
2016-03-20 21:46:55.114000,1.12685,1.12653,1000000,2060000
2016-03-20 21:47:01.122000,1.12686,1.12653,1000000,2060000
2016-03-20 21:47:01.673000,1.12685,1.12653,1000000,2060000
2016-03-20 21:47:04.568000,1.12686,1.12653,1000000,2060000
2016-03-20 21:47:05.081000,1.12685,1.12653,1000000,2060000
2016-03-20 21:47:06.637000,1.12686,1.12654,1000000,1190000
2016-03-20 21:47:07.155000,1.12685,1.12654,1000000,1190000
2016-03-20 21:47:07.818000,1.12686,1.12654,1000000,1190000
2016-03-20 21:47:08.478000,1.12685,1.12654,1000000,1190000
2016-03-20 21:47:17.091000,1.12686,1.12654,1000000,1190000
2016-03-20 21:47:17.719000,1.12685,1.12654,1000000,1190000
2016-03-20 21:47:22.508000,1.12686,1.12654,1000000,1190000
2016-03-20 21:47:23.086000,1.12685,1.12654,1000000,1190000
2016-03-20 21:47:23.610000,1.12686,1.12654,1000000,1190000
2016-03-20 21:47:24.139000,1.12685,1.12654,1000000,1190000
2016-03-20 21:47:25.015000,1.12686,1.12654,1000000,1190000
2016-03-20 21:47:25.542000,1.12685,1.12654,1000000,1190000
2016-03-20 21:47:28.198000,1.12686,1.12654,1000000,1190000
2016-03-20 21:47:28.701000,1.12685,1.12654,1000000,1190000
2016-03-20 21:47:30.135000,1.12686,1.12654,1000000,1190000
2016-03-20 21:47:30.690000,1.12685,1.12654,1000000,1190000
2016-03-20 21:47:31.635000,1.12686,1.12654,1000000,1190000
2016-03-20 21:47:32.245000,1.12685,1.12654,1000000,1190000
2016-03-20 21:47:35.744000,1.12686,1.12654,1000000,1190000
2016-03-20 21:47:36.290000,1.12685,1.12654,1000000,1190000
2016-03-20 21:47:38.149000,1.12686,1.12654,1000000,1190000
2016-03-20 21:47:38.652000,1.12685,1.12654,1000000,1190000
2016-03-20 21:47:40.271000,1.12686,1.12654,1000000,1190000
2016-03-20 21:47:40.776000,1.12685,1.12654,1000000,1190000
2016-03-20 21:47:42.215000,1.12686,1.12654,1000000,1190000
2016-03-20 21:47:42.766000,1.12685,1.12654,1000000,1190000
2016-03-20 21:47:44.894000,1.12686,1.12654,1000000,1190000
2016-03-20 21:47:45.438000,1.12685,1.12654,1000000,1190000
2016-03-20 21:47:48.749000,1.12686,1.12654,1000000,1190000
2016-03-20 21:47:49.284000,1.12685,1.12654,1000000,1190000
2016-03-20 21:47:52.770000,1.12686,1.12654,1000000,1190000
2016-03-20 21:47:53.294000,1.12685,1.12654,1000000,1190000
2016-03-20 21:47:59.364000,1.12686,1.12654,1000000,1190000
2016-03-20 21:47:59.966000,1.12685,1.12654,1000000,1190000
2016-03-20 21:48:01.391000,1.12686,1.12654,1000000,1190000
2016-03-20 21:48:01.917000,1.12685,1.12654,1000000,1190000
2016-03-20 21:48:03.889000,1.12686,1.12654,1000000,1190000
2016-03-20 21:48:04.421000,1.12685,1.12654,1000000,1190000
2016-03-20 21:48:07.105000,1.12686,1.12654,1000000,1190000
2016-03-20 21:48:07.649000,1.12685,1.12654,1000000,1190000
2016-03-20 21:48:09.416000,1.12686,1.12654,1000000,1190000
2016-03-20 21:48:09.918000,1.12685,1.12654,1000000,1190000
2016-03-20 21:48:10.922000,1.12686,1.12654,1000000,1190000
2016-03-20 21:48:11.425000,1.12685,1.12654,1000000,1190000
2016-03-20 21:48:15.033000,1.12686,1.12654,1000000,1190000
2016-03-20 21:48:15.610000,1.12685,1.12654,1000000,1190000
2016-03-20 21:48:22.670000,1.12686,1.12654,1000000,1190000
2016-03-20 21:48:23.273000,1.12685,1.12654,1000000,1190000
2016-03-20 21:48:27.890000,1.12686,1.12654,1000000,1190000
2016-03-20 21:48:28.392000,1.12685,1.12654,1000000,1190000
2016-03-20 21:48:30.300000,1.12686,1.12654,1000000,1190000
2016-03-20 21:48:30.802000,1.12685,1.12654,1000000,1190000
2016-03-20 21:48:31.329000,1.12686,1.12654,1000000,1190000
2016-03-20 21:48:31.842000,1.12685,1.12654,1000000,1190000
2016-03-20 21:48:34.912000,1.12686,1.12654,1000000,1190000
2016-03-20 21:48:35.413000,1.12685,1.12654,1000000,1190000
2016-03-20 21:48:35.914000,1.12686,1.12654,1000000,1190000
2016-03-20 21:48:36.463000,1.12685,1.12654,1000000,1190000
2016-03-20 21:48:38.119000,1.12686,1.12654,1000000,1190000
2016-03-20 21:48:38.645000,1.12685,1.12654,1000000,1190000
2016-03-20 21:48:44.640000,1.12686,1.12654,1000000,1190000
2016-03-20 21:48:45.141000,1.12685,1.12654,1000000,1190000
2016-03-20 21:48:47.446000,1.12686,1.12653,1000000,2060000
2016-03-20 21:48:47.964000,1.12685,1.12653,1000000,2060000
2016-03-20 21:48:48.959000,1.12686,1.12653,1000000,2060000
2016-03-20 21:48:49.667000,1.12685,1.12653,1000000,1560000
2016-03-20 21:48:50.352000,1.12686,1.12653,1000000,2060000
2016-03-20 21:48:50.853000,1.12685,1.12653,1000000,2060000
2016-03-20 21:48:52.057000,1.12685,1.12653,1000000,2060000
2016-03-20 21:48:52.657000,1.12686,1.12654,1000000,2060000
2016-03-20 21:48:53.181000,1.12685,1.12654,1000000,2060000
2016-03-20 21:48:54.861000,1.12686,1.12654,1000000,2060000
2016-03-20 21:48:55.462000,1.12685,1.12654,1000000,2060000
2016-03-20 21:48:56.063000,1.12686,1.12654,1000000,2060000
2016-03-20 21:48:56.888000,1.12685,1.12654,1000000,2060000
2016-03-20 21:49:01.603000,1.12685,1.12654,1000000,2810000
2016-03-20 21:49:01.704000,1.12685,1.12654,1000000,2810000
2016-03-20 21:49:02.211000,1.12686,1.12654,1000000,2810000
2016-03-20 21:49:03.122000,1.12685,1.12654,1000000,2810000
2016-03-20 21:49:06.531000,1.12686,1.12654,1000000,3190000
2016-03-20 21:49:07.055000,1.12685,1.12654,1000000,3190000
2016-03-20 21:49:09.539000,1.12686,1.12654,1000000,3190000
2016-03-20 21:49:10.043000,1.12685,1.12654,1000000,3190000
2016-03-20 21:49:12.003000,1.12686,1.12654,1000000,3190000
2016-03-20 21:49:12.552000,1.12685,1.12654,1000000,3190000
2016-03-20 21:49:16.008000,1.12686,1.12654,1000000,3190000
2016-03-20 21:49:16.509000,1.12685,1.12654,1000000,1690000
2016-03-20 21:49:19.116000,1.12686,1.12654,1000000,2440000
2016-03-20 21:49:20.018000,1.12685,1.12654,1000000,2440000
2016-03-20 21:49:21.315000,1.12685,1.12654,1000000,2440000
2016-03-20 21:49:21.956000,1.12685,1.12654,1000000,1190000
2016-03-20 21:49:24.528000,1.12686,1.12654,1000000,1190000
2016-03-20 21:49:25.050000,1.12685,1.12654,1000000,1190000
2016-03-20 21:49:27.535000,1.12686,1.12653,1000000,2060000
2016-03-20 21:49:28.054000,1.12685,1.12653,1000000,2060000
2016-03-20 21:49:28.673000,1.12686,1.12653,1000000,2060000
2016-03-20 21:49:29.333000,1.12685,1.12653,1000000,2060000
2016-03-20 21:49:29.846000,1.12686,1.12653,1000000,2060000
2016-03-20 21:49:30.371000,1.12685,1.12653,1000000,2060000
2016-03-20 21:49:30.943000,1.12686,1.12653,1000000,2060000
2016-03-20 21:49:31.545000,1.12685,1.12653,1000000,2060000
2016-03-20 21:49:33.752000,1.12685,1.12654,1000000,1940000
2016-03-20 21:49:33.803000,1.12685,1.12666,1000000,1000000
2016-03-20 21:49:34.107000,1.12686,1.12683,1000000,1000000
2016-03-20 21:49:34.158000,1.12690,1.12683,1500000,1000000
2016-03-20 21:49:34.997000,1.12694,1.12684,1500000,1500000
2016-03-20 21:49:35.048000,1.12697,1.12684,1500000,2060000
2016-03-20 21:49:35.262000,1.12703,1.12685,1000000,2060000
2016-03-20 21:49:35.364000,1.12705,1.12686,1000000,1690000
2016-03-20 21:49:35.466000,1.12705,1.12686,1000000,1310000
2016-03-20 21:49:35.775000,1.12705,1.12686,1000000,1190000
2016-03-20 21:49:36.266000,1.12715,1.12686,1000000,1190000
2016-03-20 21:49:36.576000,1.12725,1.12686,1560000,1190000
2016-03-20 21:49:42.155000,1.12727,1.12686,1560000,1190000
2016-03-20 21:49:54.170000,1.12727,1.12696,1190000,190000
2016-03-20 21:49:54.221000,1.12724,1.12696,1000000,190000
2016-03-20 21:49:54.273000,1.12724,1.12685,1190000,1690000
2016-03-20 21:49:54.324000,1.12724,1.12685,1560000,1690000
2016-03-20 21:49:54.841000,1.12724,1.12685,1560000,1690000
2016-03-20 21:49:54.993000,1.12724,1.12682,1560000,1190000
2016-03-20 21:49:59.900000,1.12725,1.12685,2510000,1690000
2016-03-20 21:50:00.182000,1.12725,1.12685,2510000,1690000
2016-03-20 21:50:00.284000,1.12725,1.12685,2510000,1690000
2016-03-20 21:50:00.587000,1.12725,1.12685,2510000,1690000
2016-03-20 21:50:00.789000,1.12725,1.12685,2510000,1690000
2016-03-20 21:50:00.891000,1.12725,1.12685,2510000,1690000
2016-03-20 21:50:01.498000,1.12722,1.12685,2510000,3190000
2016-03-20 21:50:03.117000,1.12722,1.12685,2510000,3190000
2016-03-20 21:50:03.421000,1.12722,1.12685,2510000,3190000
2016-03-20 21:50:03.926000,1.12722,1.12685,2510000,3190000
2016-03-20 21:50:03.995000,1.12722,1.12685,2510000,3190000
2016-03-20 21:50:04.197000,1.12722,1.12685,2510000,3190000
2016-03-20 21:50:04.506000,1.12718,1.12685,1310000,3190000
2016-03-20 21:50:04.810000,1.12722,1.12685,2810000,2060000
2016-03-20 21:50:04.861000,1.12722,1.12685,2810000,1190000
2016-03-20 21:50:05.021000,1.12722,1.12685,2620000,1190000
2016-03-20 21:50:05.072000,1.12722,1.12685,2320000,1190000
2016-03-20 21:50:05.527000,1.12719,1.12687,1000000,1690000
2016-03-20 21:50:06.115000,1.12720,1.12687,1000000,1690000
2016-03-20 21:50:06.337000,1.12726,1.12687,3260000,1690000
2016-03-20 21:50:32.040000,1.12725,1.12688,1560000,1690000
2016-03-20 21:50:32.343000,1.12726,1.12687,2440000,1690000
2016-03-20 21:50:32.647000,1.12726,1.12688,4690000,1690000
2016-03-20 21:50:32.849000,1.12725,1.12685,2810000,3940000
2016-03-20 21:50:33.001000,1.12725,1.12686,5060000,1690000
2016-03-20 21:50:33.506000,1.12725,1.12686,5060000,1690000
2016-03-20 21:50:34.650000,1.12725,1.12686,5060000,1690000
2016-03-20 21:50:45.440000,1.12726,1.12688,2810000,1690000
2016-03-20 21:50:45.592000,1.12718,1.12688,1250000,1690000
2016-03-20 21:50:45.694000,1.12718,1.12688,1000000,1690000
2016-03-20 21:50:46.006000,1.12722,1.12685,1260000,3000000
2016-03-20 21:50:46.511000,1.12720,1.12680,2810000,3190000
2016-03-20 21:50:50.582000,1.12720,1.12681,5060000,1690000
2016-03-20 21:50:51.077000,1.12720,1.12680,2810000,3190000
2016-03-20 21:50:51.279000,1.12720,1.12681,5060000,1690000
2016-03-20 21:50:51.381000,1.12720,1.12681,5060000,1690000
2016-03-20 21:50:51.583000,1.12720,1.12680,2810000,3190000
2016-03-20 21:50:53.092000,1.12720,1.12681,5060000,1690000
2016-03-20 21:50:53.396000,1.12720,1.12681,5060000,1690000
2016-03-20 21:50:53.790000,1.12720,1.12680,2810000,3190000
2016-03-20 21:50:53.993000,1.12720,1.12681,5060000,1690000
2016-03-20 21:50:54.299000,1.12720,1.12681,4760000,1690000
2016-03-20 21:50:54.400000,1.12720,1.12681,4760000,1690000
2016-03-20 21:50:54.602000,1.12720,1.12681,4760000,1690000
2016-03-20 21:50:54.684000,1.12720,1.12681,4760000,1690000
2016-03-20 21:50:55.194000,1.12720,1.12681,4760000,1690000
2016-03-20 21:50:56.234000,1.12720,1.12681,4760000,1690000
2016-03-20 21:50:56.577000,1.12720,1.12681,4760000,1690000
2016-03-20 21:50:56.881000,1.12720,1.12681,4760000,1690000
2016-03-20 21:50:57.386000,1.12720,1.12681,4760000,1690000
2016-03-20 21:51:07.656000,1.12720,1.12680,2510000,1690000
2016-03-20 21:51:08.060000,1.12720,1.12680,4760000,3190000
2016-03-20 21:51:09.345000,1.12720,1.12680,2510000,1690000
2016-03-20 21:51:09.668000,1.12720,1.12680,4760000,3190000
2016-03-20 21:51:13.672000,1.12720,1.12680,4760000,3190000
2016-03-20 21:51:14.194000,1.12721,1.12682,2510000,1690000
2016-03-20 21:51:24.414000,1.12722,1.12682,2810000,1690000
2016-03-20 21:51:24.927000,1.12723,1.12682,2810000,1690000
2016-03-20 21:51:40.651000,1.12723,1.12682,2810000,1690000
2016-03-20 21:51:41.629000,1.12723,1.12682,2810000,1690000
2016-03-20 21:51:42.236000,1.12723,1.12680,2810000,3190000
2016-03-20 21:51:42.883000,1.12722,1.12681,2810000,1690000
2016-03-20 21:51:44.738000,1.12722,1.12681,2810000,1690000
2016-03-20 21:51:44.853000,1.12722,1.12681,2810000,1690000
2016-03-20 21:51:45.055000,1.12722,1.12681,3560000,1690000
2016-03-20 21:51:45.258000,1.12722,1.12681,3560000,1690000
2016-03-20 21:51:45.542000,1.12722,1.12681,2810000,1690000
2016-03-20 21:51:46.239000,1.12722,1.12681,2810000,1690000
2016-03-20 21:51:46.544000,1.12722,1.12681,2810000,1690000
2016-03-20 21:51:47.095000,1.12721,1.12680,2510000,3190000
2016-03-20 21:51:47.398000,1.12721,1.12680,2510000,3190000
2016-03-20 21:51:47.702000,1.12721,1.12680,2510000,3190000
2016-03-20 21:51:48.989000,1.12721,1.12680,2510000,3190000
2016-03-20 21:51:49.141000,1.12721,1.12680,2510000,3190000
2016-03-20 21:51:49.242000,1.12721,1.12680,2510000,3190000
2016-03-20 21:51:49.755000,1.12721,1.12680,2510000,3190000
2016-03-20 21:51:50.363000,1.12721,1.12680,2510000,1690000
2016-03-20 21:51:51.157000,1.12721,1.12680,2510000,3190000
2016-03-20 21:51:51.360000,1.12721,1.12680,2440000,3190000
2016-03-20 21:51:51.463000,1.12721,1.12680,2440000,3190000
2016-03-20 21:51:51.868000,1.12721,1.12680,2510000,1690000
2016-03-20 21:51:51.970000,1.12720,1.12676,4760000,1690000
2016-03-20 21:51:52.348000,1.12719,1.12687,2440000,190000
2016-03-20 21:51:52.466000,1.12719,1.12677,2440000,1690000
2016-03-20 21:51:52.568000,1.12719,1.12677,2440000,1690000
2016-03-20 21:51:52.883000,1.12719,1.12677,2440000,1690000
2016-03-20 21:51:55.226000,1.12719,1.12677,2440000,1690000
2016-03-20 21:51:57.143000,1.12719,1.12677,2440000,1690000
2016-03-20 21:51:57.357000,1.12719,1.12677,2440000,1690000
2016-03-20 21:51:57.680000,1.12719,1.12687,2440000,190000
2016-03-20 21:51:58.175000,1.12719,1.12677,2440000,1690000
2016-03-20 21:51:58.681000,1.12719,1.12677,2440000,1690000
2016-03-20 21:51:59.566000,1.12719,1.12677,2440000,1690000
2016-03-20 21:51:59.999000,1.12719,1.12677,2440000,1690000
2016-03-20 21:52:00.303000,1.12719,1.12677,2440000,1690000
2016-03-20 21:52:01.687000,1.12719,1.12688,2250000,190000
2016-03-20 21:52:02.387000,1.12719,1.12677,2440000,1690000
2016-03-20 21:52:02.491000,1.12719,1.12688,2250000,190000
2016-03-20 21:52:02.796000,1.12719,1.12677,2440000,1690000
2016-03-20 21:52:02.898000,1.12720,1.12687,2440000,190000
2016-03-20 21:52:03.789000,1.12719,1.12677,2440000,1690000
2016-03-20 21:52:04.345000,1.12719,1.12677,2440000,1690000
2016-03-20 21:52:04.647000,1.12719,1.12687,2440000,190000
2016-03-20 21:52:05.403000,1.12721,1.12678,2440000,1690000
2016-03-20 21:52:05.951000,1.12721,1.12678,2440000,1690000
2016-03-20 21:52:09.980000,1.12721,1.12678,2440000,1690000
2016-03-20 21:52:10.309000,1.12721,1.12678,2440000,1690000
2016-03-20 21:52:10.411000,1.12721,1.12678,2440000,1690000
2016-03-20 21:52:12.503000,1.12721,1.12687,2440000,190000
2016-03-20 21:52:12.605000,1.12721,1.12688,2440000,190000
2016-03-20 21:52:12.814000,1.12721,1.12676,2440000,1690000
2016-03-20 21:52:13.592000,1.12721,1.12687,2440000,190000
2016-03-20 21:52:13.705000,1.12721,1.12676,2440000,1690000
2016-03-20 21:52:13.818000,1.12721,1.12686,2440000,190000
2016-03-20 21:52:15.802000,1.12721,1.12676,2440000,1690000
2016-03-20 21:52:17.400000,1.12721,1.12675,2440000,1690000
2016-03-20 21:52:20.916000,1.12721,1.12675,2440000,3190000
2016-03-20 21:52:21.017000,1.12721,1.12687,2440000,190000
2016-03-20 21:52:21.121000,1.12721,1.12675,2440000,3190000
2016-03-20 21:52:21.311000,1.12720,1.12687,4690000,190000
2016-03-20 21:52:21.417000,1.12720,1.12673,2440000,1690000
2016-03-20 21:52:21.518000,1.12720,1.12683,4690000,190000
2016-03-20 21:52:22.021000,1.12720,1.12673,4690000,1690000
2016-03-20 21:52:26.042000,1.12720,1.12673,4690000,1690000
2016-03-20 21:52:26.553000,1.12720,1.12687,4690000,190000
2016-03-20 21:52:27.054000,1.12720,1.12686,4690000,190000
2016-03-20 21:52:27.384000,1.12720,1.12683,4690000,190000
2016-03-20 21:52:28.432000,1.12720,1.12673,2440000,1690000
2016-03-20 21:52:28.951000,1.12720,1.12673,4690000,1690000
2016-03-20 21:52:31.356000,1.12720,1.12683,4690000,190000
2016-03-20 21:52:45.485000,1.12721,1.12673,2440000,1690000
2016-03-20 21:52:45.889000,1.12721,1.12673,3940000,1690000
2016-03-20 21:52:46.197000,1.12718,1.12673,1190000,1690000
2016-03-20 21:52:46.607000,1.12720,1.12673,2510000,1690000
2016-03-20 21:52:47.234000,1.12717,1.12670,2440000,1190000
2016-03-20 21:52:47.802000,1.12717,1.12670,2440000,1190000
2016-03-20 21:52:48.206000,1.12718,1.12670,2440000,1190000
2016-03-20 21:52:48.510000,1.12717,1.12671,2440000,1190000
2016-03-20 21:52:48.611000,1.12714,1.12680,1250000,190000
2016-03-20 21:52:48.915000,1.12717,1.12679,2440000,190000
2016-03-20 21:52:48.966000,1.12717,1.12679,2440000,190000
2016-03-20 21:52:49.083000,1.12717,1.12679,2440000,190000
2016-03-20 21:52:49.184000,1.12717,1.12668,2440000,2440000
2016-03-20 21:52:49.589000,1.12717,1.12668,2440000,1690000
2016-03-20 21:52:49.994000,1.12717,1.12668,2440000,2440000
2016-03-20 21:52:50.281000,1.12717,1.12679,2440000,190000
2016-03-20 21:52:50.811000,1.12717,1.12680,2440000,190000
2016-03-20 21:52:51.417000,1.12719,1.12669,2440000,2440000
2016-03-20 21:52:51.518000,1.12719,1.12669,2440000,2440000
2016-03-20 21:52:51.821000,1.12719,1.12682,2440000,190000
2016-03-20 21:52:52.879000,1.12719,1.12680,2440000,190000
2016-03-20 21:52:52.981000,1.12719,1.12669,2440000,2440000
2016-03-20 21:52:53.082000,1.12719,1.12681,2440000,190000
2016-03-20 21:52:56.806000,1.12719,1.12682,2440000,190000
2016-03-20 21:53:03.300000,1.12720,1.12683,2510000,190000
2016-03-20 21:53:07.420000,1.12720,1.12682,4760000,190000
2016-03-20 21:53:07.623000,1.12720,1.12670,4760000,3940000
2016-03-20 21:53:07.724000,1.12715,1.12683,1000000,190000
2016-03-20 21:53:07.775000,1.12720,1.12683,4760000,190000
2016-03-20 21:53:07.927000,1.12721,1.12669,4760000,3190000
2016-03-20 21:53:08.441000,1.12716,1.12670,1190000,3190000
2016-03-20 21:53:13.528000,1.12718,1.12682,2440000,190000
2016-03-20 21:53:13.832000,1.12718,1.12678,2440000,190000
2016-03-20 21:53:18.067000,1.12687,1.12678,750000,190000
2016-03-20 21:53:18.219000,1.12680,1.12667,1000000,1500000
2016-03-20 21:53:18.320000,1.12680,1.12664,1000000,1000000
2016-03-20 21:53:18.371000,1.12682,1.12676,2250000,1500000
2016-03-20 21:53:18.422000,1.12690,1.12683,2250000,1000000
2016-03-20 21:53:18.574000,1.12677,1.12673,1000000,1000000
2016-03-20 21:53:18.625000,1.12677,1.12670,1000000,1000000
2016-03-20 21:53:18.676000,1.12675,1.12661,1000000,1000000
2016-03-20 21:53:18.727000,1.12675,1.12666,1000000,1000000
2016-03-20 21:53:18.828000,1.12675,1.12660,1000000,3750000
2016-03-20 21:53:18.930000,1.12679,1.12670,1500000,1750000
2016-03-20 21:53:19.233000,1.12677,1.12673,1000000,1000000
2016-03-20 21:53:19.653000,1.12675,1.12669,1000000,1500000
2016-03-20 21:53:19.755000,1.12675,1.12663,1000000,1500000
2016-03-20 21:53:19.863000,1.12675,1.12667,1000000,1000000
2016-03-20 21:53:20.204000,1.12675,1.12665,1000000,750000
2016-03-20 21:53:20.413000,1.12675,1.12657,1000000,2250000
2016-03-20 21:53:20.514000,1.12675,1.12652,1000000,1500000
2016-03-20 21:53:20.616000,1.12675,1.12645,1000000,2620000
2016-03-20 21:53:22.516000,1.12678,1.12645,1250000,2620000
2016-03-20 21:53:22.617000,1.12675,1.12649,1000000,1500000
2016-03-20 21:53:25.215000,1.12675,1.12650,1000000,2620000
2016-03-20 21:53:25.776000,1.12675,1.12650,1000000,2620000
2016-03-20 21:53:25.830000,1.12678,1.12653,1000000,1500000
2016-03-20 21:53:25.881000,1.12678,1.12658,1500000,1000000
2016-03-20 21:53:26.527000,1.12678,1.12659,1500000,1000000
2016-03-20 21:53:30.995000,1.12678,1.12660,1000000,1000000
2016-03-20 21:53:31.616000,1.12678,1.12655,1000000,3000000
2016-03-20 21:53:32.103000,1.12678,1.12660,1000000,1000000
2016-03-20 21:53:49.027000,1.12682,1.12660,2250000,1000000
2016-03-20 21:53:49.128000,1.12682,1.12656,1500000,1000000
2016-03-20 21:53:49.179000,1.12685,1.12674,2250000,750000
2016-03-20 21:53:49.527000,1.12685,1.12678,1500000,1000000
2016-03-20 21:53:49.780000,1.12688,1.12678,1000000,1000000
2016-03-20 21:53:49.932000,1.12690,1.12678,1000000,1000000
2016-03-20 21:53:49.983000,1.12694,1.12678,1000000,1000000
2016-03-20 21:53:50.185000,1.12698,1.12678,1000000,1000000
2016-03-20 21:53:50.388000,1.12698,1.12679,1000000,1690000
2016-03-20 21:53:50.439000,1.12700,1.12680,1000000,1500000
2016-03-20 21:53:50.490000,1.12702,1.12680,1000000,1870000
2016-03-20 21:53:50.793000,1.12710,1.12681,1000000,1000000
2016-03-20 21:53:51.232000,1.12711,1.12681,1870000,1000000
2016-03-20 21:53:52.990000,1.12711,1.12681,1870000,1120000
2016-03-20 21:53:53.540000,1.12711,1.12685,1870000,1000000
2016-03-20 21:53:54.542000,1.12711,1.12685,1500000,1000000
2016-03-20 21:53:54.644000,1.12712,1.12687,1100000,1000000
2016-03-20 21:54:05.235000,1.12718,1.12688,2620000,1000000
2016-03-20 21:54:25.281000,1.12718,1.12689,2620000,1000000
2016-03-20 21:54:33.006000,1.12718,1.12690,2620000,1000000
2016-03-20 21:54:36.719000,1.12718,1.12692,1370000,1000000
2016-03-20 21:54:36.821000,1.12718,1.12694,1100000,1500000
2016-03-20 21:54:36.922000,1.12718,1.12697,1100000,1000000
2016-03-20 21:54:46.903000,1.12722,1.12696,1120000,1000000
2016-03-20 21:55:00.847000,1.12722,1.12697,1120000,1000000
2016-03-20 21:55:01.357000,1.12722,1.12696,1120000,1000000
2016-03-20 21:55:05.237000,1.12722,1.12695,1120000,1870000
2016-03-20 21:55:13.029000,1.12725,1.12695,1870000,2440000
2016-03-20 21:55:13.332000,1.12716,1.12697,1000000,1250000
2016-03-20 21:55:13.439000,1.12725,1.12697,1370000,1250000
2016-03-20 21:55:37.503000,1.12723,1.12696,2620000,1000000
2016-03-20 21:55:39.710000,1.12722,1.12697,1120000,1000000
2016-03-20 21:55:40.316000,1.12722,1.12698,1120000,1000000
2016-03-20 21:55:41.804000,1.12722,1.12698,1070000,1000000
2016-03-20 21:55:42.314000,1.12722,1.12698,1100000,1000000
2016-03-20 21:55:42.985000,1.12722,1.12698,1070000,1000000
2016-03-20 21:55:45.215000,1.12722,1.12697,1070000,1500000
2016-03-20 21:55:46.277000,1.12722,1.12698,1070000,1000000
2016-03-20 21:55:48.486000,1.12722,1.12697,1070000,1690000
2016-03-20 21:55:49.192000,1.12722,1.12698,1070000,1000000
2016-03-20 21:55:53.003000,1.12722,1.12699,1070000,1000000
2016-03-20 21:55:53.553000,1.12722,1.12699,1100000,1000000
2016-03-20 21:56:01.553000,1.12720,1.12699,1190000,1000000
2016-03-20 21:56:01.856000,1.12696,1.12691,4500000,2250000
2016-03-20 21:56:02.160000,1.12695,1.12691,1000000,1000000
2016-03-20 21:56:02.261000,1.12696,1.12688,8500000,1000000
2016-03-20 21:56:02.312000,1.12686,1.12682,1000000,1000000
2016-03-20 21:56:02.666000,1.12687,1.12684,1000000,1000000
2016-03-20 21:56:02.970000,1.12686,1.12668,1000000,1000000
2016-03-20 21:56:03.173000,1.12686,1.12665,1000000,1500000
2016-03-20 21:56:03.477000,1.12685,1.12660,1000000,1500000
2016-03-20 21:56:04.002000,1.12685,1.12659,1000000,1000000
2016-03-20 21:56:05.247000,1.12685,1.12658,1000000,2250000
2016-03-20 21:56:07.331000,1.12685,1.12669,1000000,1000000
2016-03-20 21:56:07.653000,1.12699,1.12696,2250000,1000000
2016-03-20 21:56:07.754000,1.12700,1.12696,3250000,1000000
2016-03-20 21:56:08.031000,1.12702,1.12694,3250000,1000000
2016-03-20 21:56:08.345000,1.12703,1.12694,1000000,1000000
2016-03-20 21:56:08.497000,1.12710,1.12694,3000000,1000000
2016-03-20 21:56:08.910000,1.12715,1.12695,1000000,1000000
2016-03-20 21:56:09.177000,1.12719,1.12695,1070000,1000000
2016-03-20 21:56:12.755000,1.12719,1.12694,1070000,1000000
2016-03-20 21:56:16.013000,1.12720,1.12694,1070000,1000000
2016-03-20 21:56:17.331000,1.12721,1.12694,1070000,1690000
2016-03-20 21:56:23.844000,1.12725,1.12694,1370000,1500000
2016-03-20 21:56:24.251000,1.12710,1.12694,1000000,1000000
2016-03-20 21:56:24.555000,1.12695,1.12692,1000000,1000000
2016-03-20 21:56:24.807000,1.12698,1.12690,1000000,1000000
2016-03-20 21:56:25.086000,1.12698,1.12688,1000000,750000
2016-03-20 21:56:25.529000,1.12698,1.12687,1000000,750000
2016-03-20 21:56:25.690000,1.12698,1.12677,1000000,1000000
2016-03-20 21:56:25.741000,1.12695,1.12677,1000000,1000000
2016-03-20 21:56:25.893000,1.12695,1.12674,1000000,1000000
2016-03-20 21:56:26.504000,1.12695,1.12670,1000000,1690000
2016-03-20 21:56:30.372000,1.12696,1.12670,1000000,1690000
2016-03-20 21:56:31.107000,1.12695,1.12670,1000000,1250000
2016-03-20 21:56:33.578000,1.12695,1.12669,1000000,1500000
2016-03-20 21:56:34.294000,1.12696,1.12669,1000000,1500000
2016-03-20 21:56:34.847000,1.12695,1.12669,1000000,1500000
2016-03-20 21:56:37.963000,1.12696,1.12669,1000000,1500000
2016-03-20 21:56:38.465000,1.12695,1.12669,1000000,1500000
2016-03-20 21:56:42.276000,1.12696,1.12669,1000000,1500000
2016-03-20 21:56:42.886000,1.12695,1.12669,1000000,1500000
2016-03-20 21:56:45.303000,1.12695,1.12669,1000000,2060000
2016-03-20 21:56:46.131000,1.12696,1.12669,1000000,2060000
2016-03-20 21:56:46.643000,1.12695,1.12669,1000000,2060000
2016-03-20 21:56:50.152000,1.12696,1.12669,1000000,2060000
2016-03-20 21:56:50.688000,1.12695,1.12669,1500000,2060000
2016-03-20 21:56:50.911000,1.12690,1.12669,1000000,2810000
2016-03-20 21:56:51.915000,1.12691,1.12669,1000000,2810000
2016-03-20 21:56:52.442000,1.12690,1.12669,1000000,2810000
2016-03-20 21:56:55.817000,1.12690,1.12669,1000000,2810000
2016-03-20 21:56:58.777000,1.12695,1.12669,1100000,2810000
2016-03-20 21:57:09.741000,1.12695,1.12670,1100000,1250000
2016-03-20 21:57:17.389000,1.12696,1.12670,1000000,1250000
2016-03-20 21:57:17.914000,1.12695,1.12670,1000000,1250000
2016-03-20 21:57:22.148000,1.12696,1.12670,1000000,1250000
2016-03-20 21:57:22.650000,1.12695,1.12670,1000000,1250000
2016-03-20 21:57:23.156000,1.12696,1.12670,1000000,1250000
2016-03-20 21:57:24.053000,1.12695,1.12670,1000000,1250000
2016-03-20 21:57:31.944000,1.12696,1.12670,1000000,1250000
2016-03-20 21:57:32.671000,1.12695,1.12670,1000000,1250000
2016-03-20 21:57:33.548000,1.12696,1.12670,1000000,1250000
2016-03-20 21:57:34.125000,1.12695,1.12670,1000000,1250000
2016-03-20 21:57:38.305000,1.12696,1.12670,1000000,1250000
2016-03-20 21:57:38.845000,1.12695,1.12670,1000000,1250000
2016-03-20 21:57:47.009000,1.12696,1.12670,1000000,1250000
2016-03-20 21:57:48.016000,1.12695,1.12670,1000000,1250000
2016-03-20 21:57:51.307000,1.12696,1.12670,1000000,1250000
2016-03-20 21:57:51.841000,1.12695,1.12670,1000000,1250000
2016-03-20 21:57:52.992000,1.12696,1.12670,1000000,1250000
2016-03-20 21:57:53.503000,1.12695,1.12670,1000000,1250000
2016-03-20 21:57:55.822000,1.12696,1.12670,1000000,1250000
2016-03-20 21:57:56.472000,1.12695,1.12670,1000000,1250000
2016-03-20 21:57:57.636000,1.12696,1.12670,1000000,1250000
2016-03-20 21:57:58.142000,1.12695,1.12670,1000000,1250000
2016-03-20 21:57:58.906000,1.12696,1.12670,1000000,1250000
2016-03-20 21:57:59.442000,1.12695,1.12670,1000000,1250000
2016-03-20 21:58:00.617000,1.12696,1.12670,1100000,1250000
2016-03-20 21:58:01.123000,1.12695,1.12670,1000000,1250000
2016-03-20 21:58:02.235000,1.12695,1.12670,1000000,1190000
2016-03-20 21:58:02.772000,1.12696,1.12670,1000000,1190000
2016-03-20 21:58:03.304000,1.12695,1.12670,1100000,1190000
2016-03-20 21:58:05.375000,1.12696,1.12670,1000000,1190000
2016-03-20 21:58:06.055000,1.12695,1.12670,1000000,1190000
2016-03-20 21:58:06.641000,1.12696,1.12670,1000000,1190000
2016-03-20 21:58:07.175000,1.12695,1.12670,1000000,1190000
2016-03-20 21:58:13.459000,1.12696,1.12670,1000000,1190000
2016-03-20 21:58:14.018000,1.12695,1.12670,1000000,1190000
2016-03-20 21:58:19.842000,1.12695,1.12670,1100000,1250000
2016-03-20 21:58:20.346000,1.12695,1.12670,1000000,1190000
2016-03-20 21:58:20.800000,1.12698,1.12670,1000000,1200000
2016-03-20 21:58:21.264000,1.12695,1.12670,1000000,1470000
2016-03-20 21:58:22.388000,1.12696,1.12670,1000000,1470000
2016-03-20 21:58:22.890000,1.12695,1.12670,1000000,1470000
2016-03-20 21:58:23.430000,1.12695,1.12670,1100000,1370000
2016-03-20 21:58:23.935000,1.12695,1.12673,1100000,1250000
2016-03-20 21:58:24.508000,1.12695,1.12673,1000000,1190000
2016-03-20 21:58:25.013000,1.12695,1.12673,1000000,1000000
2016-03-20 21:58:26.682000,1.12696,1.12672,1000000,1190000
2016-03-20 21:58:27.187000,1.12695,1.12673,1000000,1440000
2016-03-20 21:58:27.731000,1.12695,1.12673,1000000,1250000
2016-03-20 21:58:28.331000,1.12696,1.12673,1000000,1250000
2016-03-20 21:58:28.874000,1.12695,1.12673,1000000,1250000
2016-03-20 21:58:30.596000,1.12696,1.12673,1000000,1250000
2016-03-20 21:58:31.124000,1.12695,1.12673,1000000,1250000
2016-03-20 21:58:32.026000,1.12696,1.12673,1000000,1250000
2016-03-20 21:58:32.556000,1.12695,1.12673,1000000,1250000
2016-03-20 21:58:33.510000,1.12696,1.12673,1000000,1250000
2016-03-20 21:58:34.014000,1.12695,1.12673,1000000,1250000
2016-03-20 21:58:36.623000,1.12696,1.12671,1000000,1440000
2016-03-20 21:58:37.526000,1.12695,1.12671,1000000,1440000
2016-03-20 21:58:38.530000,1.12696,1.12671,1000000,1440000
2016-03-20 21:58:39.032000,1.12695,1.12671,1000000,1440000
2016-03-20 21:58:39.734000,1.12696,1.12671,1000000,1440000
2016-03-20 21:58:40.262000,1.12695,1.12671,1000000,1370000
2016-03-20 21:58:41.457000,1.12695,1.12674,1000000,1370000
2016-03-20 21:58:41.710000,1.12698,1.12676,1000000,3940000
2016-03-20 21:58:41.811000,1.12698,1.12678,1000000,1000000
2016-03-20 21:58:42.165000,1.12695,1.12679,1000000,1000000
2016-03-20 21:58:42.332000,1.12695,1.12672,1000000,2620000
2016-03-20 21:58:43.051000,1.12696,1.12672,1000000,1870000
2016-03-20 21:58:43.569000,1.12695,1.12672,1000000,1870000
2016-03-20 21:58:46.910000,1.12696,1.12672,1000000,1440000
2016-03-20 21:58:47.470000,1.12695,1.12672,1000000,1440000
2016-03-20 21:58:47.980000,1.12692,1.12670,1000000,1000000
2016-03-20 21:58:48.488000,1.12692,1.12669,1000000,1570000
2016-03-20 21:58:49.101000,1.12692,1.12670,1000000,1000000
2016-03-20 21:58:50.402000,1.12693,1.12670,1000000,1000000
2016-03-20 21:58:52.953000,1.12693,1.12669,1000000,2440000
2016-03-20 21:58:55.106000,1.12693,1.12668,1000000,1000000
2016-03-20 21:58:55.561000,1.12693,1.12666,1000000,1000000
2016-03-20 21:58:55.662000,1.12693,1.12663,1000000,1250000
2016-03-20 21:58:57.959000,1.12695,1.12662,1250000,1760000
2016-03-20 21:58:58.011000,1.12695,1.12666,1000000,1250000
2016-03-20 21:58:58.316000,1.12695,1.12663,1000000,1190000
2016-03-20 21:58:58.519000,1.12696,1.12666,1250000,1000000
2016-03-20 21:58:58.721000,1.12695,1.12664,1100000,1250000
2016-03-20 21:59:01.234000,1.12695,1.12661,1100000,1190000
2016-03-20 21:59:01.749000,1.12695,1.12664,820000,940000
2016-03-20 21:59:02.155000,1.12690,1.12664,750000,190000
2016-03-20 21:59:02.674000,1.12690,1.12665,750000,190000
2016-03-20 21:59:06.597000,1.12691,1.12665,750000,190000
2016-03-20 21:59:07.132000,1.12690,1.12665,750000,190000
2016-03-20 21:59:09.423000,1.12695,1.12665,820000,190000
2016-03-20 21:59:09.626000,1.12695,1.12667,820000,190000
2016-03-20 21:59:16.804000,1.12695,1.12668,750000,1120000
2016-03-20 21:59:17.108000,1.12695,1.12672,750000,750000
2016-03-20 21:59:18.280000,1.12696,1.12672,750000,750000
2016-03-20 21:59:18.782000,1.12695,1.12672,750000,750000
2016-03-20 21:59:22.923000,1.12695,1.12671,750000,190000
2016-03-20 21:59:23.453000,1.12695,1.12670,750000,1500000
2016-03-20 21:59:28.294000,1.12696,1.12670,820000,750000
2016-03-20 21:59:28.872000,1.12695,1.12670,750000,750000
2016-03-20 21:59:31.886000,1.12696,1.12670,820000,750000
2016-03-20 21:59:32.499000,1.12695,1.12670,750000,750000
2016-03-20 21:59:33.006000,1.12695,1.12669,750000,1120000
2016-03-20 21:59:33.158000,1.12695,1.12666,750000,940000
2016-03-20 21:59:34.103000,1.12696,1.12666,820000,190000
2016-03-20 21:59:34.625000,1.12696,1.12665,820000,940000
2016-03-20 21:59:35.126000,1.12695,1.12665,750000,940000
2016-03-20 21:59:35.631000,1.12695,1.12666,750000,190000
2016-03-20 21:59:36.377000,1.12695,1.12665,750000,940000
2016-03-20 21:59:36.928000,1.12695,1.12666,750000,190000
2016-03-20 21:59:38.119000,1.12696,1.12666,820000,190000
2016-03-20 21:59:38.645000,1.12695,1.12666,750000,190000
2016-03-20 21:59:39.397000,1.12695,1.12667,750000,370000
2016-03-20 21:59:39.499000,1.12695,1.12669,820000,370000
2016-03-20 21:59:39.802000,1.12695,1.12671,750000,750000
2016-03-20 21:59:42.115000,1.12696,1.12671,750000,750000
2016-03-20 21:59:42.616000,1.12695,1.12671,750000,750000
2016-03-20 21:59:43.123000,1.12696,1.12671,750000,750000
2016-03-20 21:59:43.625000,1.12695,1.12671,750000,750000
2016-03-20 21:59:47.132000,1.12696,1.12671,750000,750000
2016-03-20 21:59:47.633000,1.12695,1.12671,750000,750000
2016-03-20 21:59:48.635000,1.12696,1.12671,750000,750000
2016-03-20 21:59:49.137000,1.12695,1.12671,750000,750000
2016-03-20 21:59:52.056000,1.12695,1.12670,750000,750000
2016-03-20 21:59:52.660000,1.12695,1.12671,750000,750000
2016-03-20 21:59:53.857000,1.12696,1.12671,750000,750000
2016-03-20 21:59:54.382000,1.12695,1.12670,750000,750000
2016-03-20 21:59:57.057000,1.12695,1.12669,750000,940000
2016-03-20 21:59:57.791000,1.12696,1.12669,750000,940000
2016-03-20 21:59:58.307000,1.12695,1.12669,750000,940000
2016-03-20 21:59:58.812000,1.12695,1.12668,750000,940000
2016-03-20 21:59:59.833000,1.12690,1.12668,1500000,750000
2016-03-20 22:00:00.008000,1.12689,1.12664,750000,750000
2016-03-20 22:00:00.162000,1.12689,1.12667,1500000,1120000
2016-03-20 22:00:00.466000,1.12689,1.12679,750000,2250000
2016-03-20 22:00:00.669000,1.12690,1.12675,1500000,1500000
2016-03-20 22:00:00.944000,1.12690,1.12684,1500000,750000
2016-03-20 22:00:01.045000,1.12689,1.12682,750000,750000
2016-03-20 22:00:01.096000,1.12689,1.12688,750000,750000
2016-03-20 22:00:01.400000,1.12696,1.12695,2250000,840000
2016-03-20 22:00:01.529000,1.12695,1.12694,750000,1780000
2016-03-20 22:00:01.683000,1.12690,1.12689,750000,3280000
2016-03-20 22:00:01.788000,1.12694,1.12693,750000,2530000
2016-03-20 22:00:02.244000,1.12692,1.12691,750000,750000
2016-03-20 22:00:02.345000,1.12695,1.12694,750000,750000
2016-03-20 22:00:02.531000,1.12699,1.12695,750000,1120000
2016-03-20 22:00:02.582000,1.12701,1.12695,750000,1120000
2016-03-20 22:00:03.102000,1.12697,1.12695,100000,940000
2016-03-20 22:00:03.203000,1.12700,1.12695,750000,1780000
2016-03-20 22:00:03.254000,1.12702,1.12695,1500000,1030000
2016-03-20 22:00:04.587000,1.12702,1.12701,1500000,750000
2016-03-20 22:00:04.790000,1.12700,1.12699,750000,660000
2016-03-20 22:00:04.993000,1.12701,1.12700,750000,1410000
2016-03-20 22:00:05.145000,1.12700,1.12696,750000,1500000
2016-03-20 22:00:05.246000,1.12699,1.12694,750000,2720000
2016-03-20 22:00:05.750000,1.12699,1.12695,750000,560000
2016-03-20 22:00:10.577000,1.12699,1.12694,750000,1500000
2016-03-20 22:00:11.127000,1.12699,1.12696,750000,750000
2016-03-20 22:00:11.582000,1.12699,1.12693,750000,1500000
2016-03-20 22:00:14.382000,1.12700,1.12693,750000,1500000
2016-03-20 22:00:15.140000,1.12700,1.12697,750000,750000
2016-03-20 22:00:15.293000,1.12700,1.12695,750000,1970000
2016-03-20 22:00:16.083000,1.12701,1.12695,750000,1220000
2016-03-20 22:00:16.134000,1.12701,1.12697,750000,750000
2016-03-20 22:00:16.719000,1.12699,1.12696,750000,750000
2016-03-20 22:00:17.043000,1.12699,1.12693,750000,1500000
2016-03-20 22:00:17.258000,1.12695,1.12693,100000,1500000
2016-03-20 22:00:17.309000,1.12699,1.12693,750000,1500000
2016-03-20 22:00:20.910000,1.12699,1.12692,750000,2250000
2016-03-20 22:00:21.518000,1.12699,1.12691,750000,2250000
2016-03-20 22:00:24.608000,1.12700,1.12691,750000,2250000
2016-03-20 22:00:24.659000,1.12700,1.12693,750000,750000
2016-03-20 22:00:25.237000,1.12699,1.12693,750000,1500000
2016-03-20 22:00:26.283000,1.12696,1.12693,100000,1500000
2016-03-20 22:00:26.634000,1.12701,1.12698,750000,750000
2016-03-20 22:00:26.690000,1.12701,1.12695,750000,560000
2016-03-20 22:00:27.241000,1.12702,1.12695,750000,940000
2016-03-20 22:00:27.292000,1.12702,1.12700,750000,470000
2016-03-20 22:00:27.696000,1.12702,1.12695,750000,1120000
2016-03-20 22:00:27.798000,1.12705,1.12695,1500000,370000
2016-03-20 22:00:27.849000,1.12695,1.12694,750000,2620000
2016-03-20 22:00:28.254000,1.12695,1.12691,750000,1500000
2016-03-20 22:00:29.876000,1.12700,1.12699,1500000,750000
2016-03-20 22:00:30.129000,1.12695,1.12692,750000,1500000
2016-03-20 22:00:30.281000,1.12695,1.12690,750000,2530000
2016-03-20 22:00:30.490000,1.12696,1.12695,750000,750000
2016-03-20 22:00:30.592000,1.12695,1.12691,750000,750000
2016-03-20 22:00:30.844000,1.12695,1.12693,750000,750000
2016-03-20 22:00:32.028000,1.12696,1.12695,750000,750000
2016-03-20 22:00:32.231000,1.12695,1.12692,750000,1500000
2016-03-20 22:00:32.282000,1.12695,1.12694,750000,750000
2016-03-20 22:00:32.383000,1.12695,1.12692,750000,1500000
2016-03-20 22:00:34.326000,1.12695,1.12694,750000,750000
2016-03-20 22:00:34.532000,1.12695,1.12691,750000,2250000
2016-03-20 22:00:34.987000,1.12696,1.12695,750000,1500000
2016-03-20 22:00:35.291000,1.12695,1.12691,750000,1500000
2016-03-20 22:00:35.774000,1.12698,1.12691,750000,750000
2016-03-20 22:00:36.284000,1.12697,1.12691,750000,1500000
2016-03-20 22:00:36.436000,1.12700,1.12691,1500000,1500000
2016-03-20 22:00:36.537000,1.12697,1.12690,750000,1870000
2016-03-20 22:00:37.043000,1.12697,1.12691,750000,1500000
2016-03-20 22:00:39.031000,1.12697,1.12690,750000,1500000
2016-03-20 22:00:39.335000,1.12697,1.12688,750000,750000
2016-03-20 22:00:39.437000,1.12697,1.12685,750000,1500000
2016-03-20 22:00:43.510000,1.12697,1.12684,750000,2250000
2016-03-20 22:00:45.261000,1.12698,1.12684,1500000,1500000
2016-03-20 22:00:46.141000,1.12697,1.12684,750000,2250000
2016-03-20 22:00:46.191000,1.12697,1.12686,750000,750000
2016-03-20 22:00:46.801000,1.12697,1.12685,750000,750000
2016-03-20 22:00:47.320000,1.12697,1.12683,750000,2250000
2016-03-20 22:00:47.977000,1.12697,1.12685,750000,750000
2016-03-20 22:00:50.279000,1.12698,1.12685,1500000,1500000
2016-03-20 22:00:51.084000,1.12697,1.12685,750000,1500000
2016-03-20 22:00:51.572000,1.12686,1.12685,100000,1500000
2016-03-20 22:00:51.623000,1.12686,1.12683,100000,750000
2016-03-20 22:00:51.674000,1.12689,1.12677,1500000,750000
2016-03-20 22:00:51.776000,1.12687,1.12678,750000,750000
2016-03-20 22:00:51.981000,1.12691,1.12679,1500000,750000
2016-03-20 22:00:52.240000,1.12691,1.12677,750000,1500000
2016-03-20 22:00:52.291000,1.12691,1.12679,1500000,100000
2016-03-20 22:00:52.493000,1.12690,1.12677,750000,750000
2016-03-20 22:00:52.963000,1.12690,1.12681,750000,750000
2016-03-20 22:00:53.364000,1.12688,1.12680,750000,750000
2016-03-20 22:00:53.516000,1.12688,1.12678,750000,900000
2016-03-20 22:00:53.668000,1.12690,1.12678,750000,970000
2016-03-20 22:00:54.996000,1.12691,1.12678,3000000,970000
2016-03-20 22:00:56.592000,1.12690,1.12678,750000,970000
2016-03-20 22:00:56.643000,1.12690,1.12675,1500000,1870000
2016-03-20 22:00:57.149000,1.12690,1.12676,3000000,970000
2016-03-20 22:00:57.657000,1.12688,1.12673,750000,1500000
2016-03-20 22:00:57.758000,1.12688,1.12675,750000,970000
2016-03-20 22:01:00.666000,1.12689,1.12676,750000,970000
2016-03-20 22:01:01.174000,1.12690,1.12676,1500000,970000
2016-03-20 22:01:02.028000,1.12691,1.12676,2620000,2320000
2016-03-20 22:01:02.808000,1.12691,1.12677,750000,750000
2016-03-20 22:01:03.111000,1.12692,1.12680,750000,750000
2016-03-20 22:01:03.408000,1.12695,1.12680,3750000,1500000
2016-03-20 22:01:06.511000,1.12695,1.12681,1870000,750000
2016-03-20 22:01:07.528000,1.12695,1.12682,1120000,750000
2016-03-20 22:01:12.901000,1.12695,1.12683,750000,750000
2016-03-20 22:01:13.408000,1.12695,1.12682,750000,1500000
2016-03-20 22:01:14.615000,1.12695,1.12683,750000,1500000
2016-03-20 22:01:14.666000,1.12695,1.12685,750000,1500000
2016-03-20 22:01:18.046000,1.12695,1.12686,750000,750000
2016-03-20 22:01:18.401000,1.12695,1.12689,750000,470000
2016-03-20 22:01:19.278000,1.12695,1.12686,750000,100000
2016-03-20 22:01:25.380000,1.12695,1.12685,750000,1500000
2016-03-20 22:01:25.886000,1.12695,1.12686,750000,1500000
2016-03-20 22:01:27.013000,1.12686,1.12685,750000,1500000
2016-03-20 22:01:27.166000,1.12688,1.12685,2250000,750000
2016-03-20 22:01:27.268000,1.12691,1.12687,750000,750000
2016-03-20 22:01:27.319000,1.12686,1.12685,750000,2250000
2016-03-20 22:01:27.420000,1.12685,1.12684,750000,750000
2016-03-20 22:01:27.572000,1.12688,1.12687,100000,750000
2016-03-20 22:01:27.675000,1.12692,1.12687,820000,750000
2016-03-20 22:01:27.726000,1.12692,1.12683,820000,750000
2016-03-20 22:01:27.861000,1.12699,1.12687,750000,750000
2016-03-20 22:01:27.913000,1.12695,1.12687,1500000,1500000
2016-03-20 22:01:28.014000,1.12695,1.12685,1500000,1500000
2016-03-20 22:01:28.166000,1.12691,1.12685,750000,1500000
2016-03-20 22:01:28.369000,1.12695,1.12685,750000,3000000
2016-03-20 22:01:31.184000,1.12694,1.12685,750000,1500000
2016-03-20 22:01:31.703000,1.12695,1.12685,750000,750000
2016-03-20 22:01:32.271000,1.12695,1.12684,750000,750000
2016-03-20 22:01:32.373000,1.12695,1.12682,750000,750000
2016-03-20 22:01:32.879000,1.12695,1.12681,750000,1500000
2016-03-20 22:01:33.881000,1.12695,1.12682,750000,750000
2016-03-20 22:01:34.034000,1.12695,1.12680,1500000,2250000
2016-03-20 22:01:36.788000,1.12695,1.12682,1500000,750000
2016-03-20 22:01:42.201000,1.12697,1.12682,1500000,2250000
2016-03-20 22:01:42.557000,1.12697,1.12685,1500000,750000
2016-03-20 22:01:43.203000,1.12697,1.12686,1500000,750000
2016-03-20 22:01:43.356000,1.12699,1.12685,2250000,750000
2016-03-20 22:01:43.861000,1.12698,1.12686,750000,750000
2016-03-20 22:01:44.316000,1.12700,1.12686,1120000,1500000
2016-03-20 22:01:44.853000,1.12699,1.12687,1500000,750000
2016-03-20 22:01:45.359000,1.12700,1.12686,750000,2590000
2016-03-20 22:01:45.916000,1.12700,1.12687,2620000,750000
2016-03-20 22:01:46.422000,1.12700,1.12691,2620000,750000
2016-03-20 22:01:46.964000,1.12700,1.12692,750000,750000
2016-03-20 22:01:47.015000,1.12700,1.12690,1500000,1870000
2016-03-20 22:01:47.232000,1.12699,1.12688,750000,750000
2016-03-20 22:01:47.772000,1.12699,1.12687,750000,1500000
2016-03-20 22:01:48.954000,1.12699,1.12686,100000,820000
2016-03-20 22:01:49.479000,1.12700,1.12687,3370000,750000
2016-03-20 22:01:50.004000,1.12699,1.12686,750000,750000
2016-03-20 22:01:50.531000,1.12700,1.12686,3370000,750000
2016-03-20 22:01:51.037000,1.12699,1.12686,750000,1500000
2016-03-20 22:01:51.427000,1.12700,1.12688,750000,750000
2016-03-20 22:01:51.832000,1.12700,1.12686,750000,1500000
2016-03-20 22:01:52.337000,1.12699,1.12686,750000,3340000
2016-03-20 22:01:52.950000,1.12699,1.12685,1500000,3370000
2016-03-20 22:01:59.961000,1.12700,1.12699,3370000,3190000
2016-03-20 22:02:00.062000,1.12700,1.12696,370000,750000
2016-03-20 22:02:00.113000,1.12700,1.12692,370000,750000
2016-03-20 22:02:00.164000,1.12700,1.12696,370000,750000
2016-03-20 22:02:00.468000,1.12700,1.12698,370000,750000
2016-03-20 22:02:00.812000,1.12705,1.12704,2620000,750000
2016-03-20 22:02:00.965000,1.12705,1.12704,2250000,1500000
2016-03-20 22:02:01.919000,1.12707,1.12706,2250000,750000
2016-03-20 22:02:02.324000,1.12710,1.12706,750000,1500000
2016-03-20 22:02:03.133000,1.12718,1.12706,750000,1500000
2016-03-20 22:02:03.723000,1.12719,1.12706,750000,1500000
2016-03-20 22:02:04.250000,1.12718,1.12706,750000,1500000
2016-03-20 22:02:05.429000,1.12719,1.12706,750000,1500000
2016-03-20 22:02:05.732000,1.12721,1.12706,1570000,1500000
2016-03-20 22:02:08.725000,1.12718,1.12706,750000,1500000
2016-03-20 22:02:09.034000,1.12713,1.12706,750000,750000
2016-03-20 22:02:09.585000,1.12713,1.12705,100000,1500000
2016-03-20 22:02:10.286000,1.12713,1.12702,100000,750000
2016-03-20 22:02:10.585000,1.12715,1.12702,1120000,750000
2016-03-20 22:02:10.637000,1.12715,1.12704,1120000,750000
2016-03-20 22:02:10.687000,1.12718,1.12704,1500000,750000
2016-03-20 22:02:11.478000,1.12719,1.12704,3000000,750000
2016-03-20 22:02:11.999000,1.12718,1.12704,750000,750000
2016-03-20 22:02:12.672000,1.12719,1.12705,1500000,1500000
2016-03-20 22:02:13.178000,1.12720,1.12705,1500000,1500000
2016-03-20 22:02:13.703000,1.12719,1.12705,100000,1500000
2016-03-20 22:02:14.223000,1.12720,1.12705,1500000,1500000
2016-03-20 22:02:19.343000,1.12720,1.12708,1500000,750000
2016-03-20 22:02:19.647000,1.12721,1.12710,750000,1500000
2016-03-20 22:02:20.153000,1.12722,1.12710,1500000,1500000
2016-03-20 22:02:20.655000,1.12722,1.12711,750000,1500000
2016-03-20 22:02:25.366000,1.12723,1.12711,750000,1500000
2016-03-20 22:02:25.903000,1.12722,1.12711,750000,1500000
2016-03-20 22:02:32.988000,1.12723,1.12711,1500000,1500000
2016-03-20 22:02:33.777000,1.12724,1.12712,2720000,750000
2016-03-20 22:02:34.486000,1.12724,1.12714,2620000,750000
2016-03-20 22:02:34.587000,1.12724,1.12712,2620000,1500000
2016-03-20 22:02:34.689000,1.12721,1.12712,750000,2250000
2016-03-20 22:02:35.214000,1.12721,1.12711,750000,1500000
2016-03-20 22:02:38.992000,1.12719,1.12711,750000,1500000
2016-03-20 22:02:40.042000,1.12719,1.12710,750000,1500000
2016-03-20 22:02:40.770000,1.12720,1.12710,750000,1500000
2016-03-20 22:02:42.526000,1.12720,1.12712,750000,1500000
2016-03-20 22:02:42.585000,1.12723,1.12712,750000,2250000
2016-03-20 22:02:42.636000,1.12723,1.12714,750000,1500000
2016-03-20 22:02:43.143000,1.12722,1.12714,750000,1500000
2016-03-20 22:02:44.004000,1.12723,1.12714,1500000,1500000
2016-03-20 22:02:44.387000,1.12721,1.12715,750000,750000
2016-03-20 22:02:45.203000,1.12721,1.12714,750000,1500000
2016-03-20 22:02:51.616000,1.12722,1.12714,750000,1500000
2016-03-20 22:02:55.822000,1.12721,1.12714,750000,1500000
2016-03-20 22:02:58.732000,1.12720,1.12714,750000,1500000
2016-03-20 22:02:59.259000,1.12719,1.12714,750000,1500000
2016-03-20 22:02:59.796000,1.12720,1.12714,750000,1500000
2016-03-20 22:03:01.255000,1.12719,1.12714,750000,1500000
2016-03-20 22:03:01.761000,1.12721,1.12714,750000,1500000
2016-03-20 22:03:02.530000,1.12720,1.12714,750000,1500000
2016-03-20 22:03:05.266000,1.12720,1.12713,750000,750000
2016-03-20 22:03:11.860000,1.12721,1.12713,750000,750000
2016-03-20 22:03:13.068000,1.12721,1.12713,1500000,750000
2016-03-20 22:03:14.469000,1.12721,1.12711,1500000,1500000
2016-03-20 22:03:14.571000,1.12721,1.12708,1500000,750000
2016-03-20 22:03:21.750000,1.12721,1.12708,750000,750000
2016-03-20 22:03:21.853000,1.12719,1.12708,750000,750000
2016-03-20 22:03:26.179000,1.12720,1.12708,1500000,750000
2016-03-20 22:03:26.483000,1.12717,1.12706,750000,750000
2016-03-20 22:03:27.005000,1.12717,1.12705,750000,1500000
2016-03-20 22:03:27.422000,1.12716,1.12708,750000,1500000
2016-03-20 22:03:28.094000,1.12717,1.12708,750000,1500000
2016-03-20 22:03:28.638000,1.12716,1.12708,750000,1500000
2016-03-20 22:03:29.299000,1.12717,1.12708,750000,1500000
2016-03-20 22:03:30.979000,1.12716,1.12708,750000,1500000
2016-03-20 22:03:31.485000,1.12717,1.12708,1500000,1500000
2016-03-20 22:03:32.977000,1.12715,1.12708,750000,1500000
2016-03-20 22:03:42.700000,1.12714,1.12708,750000,1500000
2016-03-20 22:03:42.852000,1.12714,1.12706,750000,750000
2016-03-20 22:03:43.408000,1.12715,1.12706,750000,1500000
2016-03-20 22:03:43.916000,1.12714,1.12707,750000,1500000
2016-03-20 22:03:45.315000,1.12714,1.12708,750000,750000
2016-03-20 22:03:48.207000,1.12712,1.12707,750000,750000
2016-03-20 22:03:48.512000,1.12707,1.12706,3000000,750000
2016-03-20 22:03:48.665000,1.12704,1.12703,1500000,750000
2016-03-20 22:03:48.716000,1.12703,1.12699,750000,750000
2016-03-20 22:03:49.222000,1.12702,1.12694,750000,1500000
2016-03-20 22:04:08.865000,1.12701,1.12694,1000000,1500000
2016-03-20 22:04:09.132000,1.12704,1.12697,1500000,1000000
2016-03-20 22:04:09.436000,1.12704,1.12699,1000000,1500000
2016-03-20 22:04:17.077000,1.12703,1.12699,1000000,1500000
2016-03-20 22:04:17.183000,1.12702,1.12697,1000000,1500000
2016-03-20 22:04:17.894000,1.12703,1.12697,1500000,1500000
2016-03-20 22:04:18.400000,1.12702,1.12697,1000000,1500000
2016-03-20 22:04:21.360000,1.12703,1.12697,1500000,1500000
2016-03-20 22:04:21.564000,1.12708,1.12701,1870000,1000000
2016-03-20 22:04:21.666000,1.12708,1.12701,1000000,1000000
2016-03-20 22:04:22.173000,1.12707,1.12701,1000000,1000000
2016-03-20 22:04:31.810000,1.12708,1.12701,1000000,1000000
2016-03-20 22:04:32.314000,1.12707,1.12701,1000000,1000000
2016-03-20 22:04:32.516000,1.12710,1.12701,2440000,1000000
2016-03-20 22:04:32.618000,1.12707,1.12701,1000000,1000000
2016-03-20 22:04:37.425000,1.12708,1.12701,1000000,1000000
2016-03-20 22:04:37.928000,1.12707,1.12701,1000000,1000000
2016-03-20 22:04:49.128000,1.12708,1.12701,1000000,1500000
2016-03-20 22:04:49.639000,1.12707,1.12701,1000000,1500000
2016-03-20 22:04:50.333000,1.12708,1.12701,1000000,1500000
2016-03-20 22:04:51.329000,1.12707,1.12701,1000000,1500000
2016-03-20 22:04:54.442000,1.12708,1.12701,1000000,1500000
2016-03-20 22:04:55.766000,1.12709,1.12701,1220000,1500000
2016-03-20 22:04:56.272000,1.12708,1.12701,1000000,1500000
2016-03-20 22:04:57.741000,1.12707,1.12701,1000000,1000000
2016-03-20 22:04:58.054000,1.12704,1.12700,1000000,1500000
2016-03-20 22:04:58.755000,1.12705,1.12700,1000000,1500000
2016-03-20 22:04:59.261000,1.12705,1.12699,1000000,1500000
2016-03-20 22:04:59.963000,1.12706,1.12699,1000000,1500000
2016-03-20 22:05:00.874000,1.12705,1.12699,1000000,1500000
2016-03-20 22:05:05.267000,1.12706,1.12699,1000000,1500000
2016-03-20 22:05:05.842000,1.12705,1.12699,1000000,1500000
2016-03-20 22:05:07.149000,1.12706,1.12699,1000000,1500000
2016-03-20 22:05:07.747000,1.12705,1.12699,1000000,1500000
2016-03-20 22:05:09.718000,1.12706,1.12699,1000000,1500000
2016-03-20 22:05:09.870000,1.12709,1.12699,3090000,1500000
2016-03-20 22:05:09.972000,1.12705,1.12699,1000000,1500000
2016-03-20 22:05:11.974000,1.12706,1.12699,1000000,1500000
2016-03-20 22:05:12.588000,1.12705,1.12699,1000000,2250000
2016-03-20 22:05:13.701000,1.12706,1.12699,1000000,1500000
2016-03-20 22:05:14.261000,1.12705,1.12699,1000000,1500000
2016-03-20 22:05:15.465000,1.12706,1.12699,1000000,1500000
2016-03-20 22:05:15.997000,1.12705,1.12699,1000000,1500000
2016-03-20 22:05:16.673000,1.12706,1.12699,1000000,1500000
2016-03-20 22:05:17.181000,1.12705,1.12699,1000000,1500000
2016-03-20 22:05:19.064000,1.12706,1.12699,1000000,1500000
2016-03-20 22:05:19.578000,1.12705,1.12699,1000000,1500000
2016-03-20 22:05:20.204000,1.12706,1.12699,1000000,1500000
2016-03-20 22:05:20.738000,1.12705,1.12699,1000000,1500000
2016-03-20 22:05:21.244000,1.12706,1.12701,1000000,1500000
2016-03-20 22:05:21.346000,1.12705,1.12699,1000000,1000000
2016-03-20 22:05:21.851000,1.12706,1.12699,1000000,1000000
2016-03-20 22:05:22.361000,1.12705,1.12700,1000000,1000000
2016-03-20 22:05:22.871000,1.12705,1.12699,1000000,1000000
2016-03-20 22:05:23.393000,1.12706,1.12699,1000000,1000000
2016-03-20 22:05:23.899000,1.12705,1.12699,1000000,1000000
2016-03-20 22:05:24.708000,1.12706,1.12699,1000000,1000000
2016-03-20 22:05:25.287000,1.12705,1.12699,1000000,1500000
2016-03-20 22:05:26.003000,1.12706,1.12699,1000000,1500000
2016-03-20 22:05:26.525000,1.12705,1.12699,1000000,1500000
2016-03-20 22:05:27.884000,1.12706,1.12699,1000000,1500000
2016-03-20 22:05:28.289000,1.12708,1.12699,1000000,1500000
2016-03-20 22:05:28.391000,1.12706,1.12699,1000000,1500000
2016-03-20 22:05:28.897000,1.12705,1.12699,1000000,1500000
2016-03-20 22:05:29.403000,1.12705,1.12700,1000000,1500000
2016-03-20 22:05:30.484000,1.12706,1.12700,1000000,1500000
2016-03-20 22:05:30.990000,1.12705,1.12700,1000000,1500000
2016-03-20 22:05:32.504000,1.12706,1.12700,1000000,1500000
2016-03-20 22:05:33.038000,1.12705,1.12700,1000000,1500000
2016-03-20 22:05:34.090000,1.12707,1.12700,1000000,1500000
2016-03-20 22:05:34.192000,1.12705,1.12700,1000000,1500000
2016-03-20 22:05:36.014000,1.12706,1.12700,1000000,1500000
2016-03-20 22:05:36.533000,1.12705,1.12700,1000000,1500000
2016-03-20 22:05:37.049000,1.12706,1.12700,1000000,1500000
2016-03-20 22:05:37.302000,1.12708,1.12701,1000000,1500000
2016-03-20 22:05:55.549000,1.12707,1.12701,1000000,1500000
2016-03-20 22:05:56.352000,1.12709,1.12701,1120000,1500000
2016-03-20 22:05:58.763000,1.12707,1.12701,1000000,1500000
2016-03-20 22:05:59.081000,1.12709,1.12701,1120000,1500000
2016-03-20 22:05:59.183000,1.12707,1.12701,1000000,1870000
2016-03-20 22:05:59.850000,1.12705,1.12701,1000000,1500000
2016-03-20 22:05:59.951000,1.12707,1.12700,1000000,2250000
2016-03-20 22:06:02.481000,1.12709,1.12700,1120000,1000000
2016-03-20 22:06:03.943000,1.12707,1.12700,1000000,1000000
2016-03-20 22:06:09.936000,1.12707,1.12699,1000000,5020000
2016-03-20 22:06:10.240000,1.12705,1.12699,1000000,1500000
2016-03-20 22:06:13.789000,1.12706,1.12699,1000000,1500000
2016-03-20 22:06:14.296000,1.12705,1.12699,1000000,1500000
2016-03-20 22:06:14.802000,1.12706,1.12699,1000000,1500000
2016-03-20 22:06:15.307000,1.12705,1.12699,1000000,1500000
2016-03-20 22:06:15.995000,1.12706,1.12699,1000000,1500000
2016-03-20 22:06:16.514000,1.12705,1.12699,1000000,1500000
2016-03-20 22:06:18.107000,1.12706,1.12699,1000000,1500000
2016-03-20 22:06:19.006000,1.12705,1.12699,1000000,1500000
2016-03-20 22:06:20.693000,1.12706,1.12700,1000000,1000000
2016-03-20 22:06:21.099000,1.12708,1.12701,1500000,1000000
2016-03-20 22:06:21.612000,1.12706,1.12701,1000000,1500000
2016-03-20 22:06:21.714000,1.12708,1.12701,1000000,1000000
2016-03-20 22:06:21.816000,1.12705,1.12700,1000000,2250000
2016-03-20 22:06:22.322000,1.12705,1.12699,1000000,2250000
2016-03-20 22:06:22.687000,1.12706,1.12701,1000000,1000000
2016-03-20 22:06:23.193000,1.12707,1.12701,1000000,1500000
2016-03-20 22:06:23.346000,1.12710,1.12701,1970000,1500000
2016-03-20 22:06:23.700000,1.12706,1.12701,1000000,4270000
2016-03-20 22:06:24.004000,1.12708,1.12701,1500000,1500000
2016-03-20 22:06:24.290000,1.12706,1.12700,1000000,2620000
2016-03-20 22:06:24.898000,1.12705,1.12701,1000000,1000000
2016-03-20 22:06:25.405000,1.12706,1.12700,1000000,1000000
2016-03-20 22:06:25.709000,1.12707,1.12702,1000000,1000000
2016-03-20 22:06:25.911000,1.12710,1.12702,1500000,1500000
2016-03-20 22:06:26.013000,1.12708,1.12702,1000000,1500000
2016-03-20 22:06:26.845000,1.12709,1.12702,1000000,1500000
2016-03-20 22:06:27.352000,1.12709,1.12703,1000000,1000000
2016-03-20 22:06:27.858000,1.12708,1.12701,1000000,1500000
2016-03-20 22:06:28.364000,1.12709,1.12701,1220000,1550000
2016-03-20 22:06:28.475000,1.12709,1.12701,1220000,1000000
2016-03-20 22:06:28.526000,1.12707,1.12701,1000000,1000000
2016-03-20 22:06:28.809000,1.12709,1.12701,1220000,2250000
2016-03-20 22:06:29.296000,1.12709,1.12703,1000000,1000000
2016-03-20 22:06:29.449000,1.12711,1.12703,1000000,1500000
2016-03-20 22:06:29.963000,1.12711,1.12702,1000000,1500000
2016-03-20 22:06:30.746000,1.12711,1.12703,1000000,1000000
2016-03-20 22:06:31.252000,1.12711,1.12702,1000000,1500000
2016-03-20 22:06:31.765000,1.12712,1.12702,2250000,1500000
2016-03-20 22:06:32.370000,1.12711,1.12702,1000000,1500000
2016-03-20 22:06:33.646000,1.12710,1.12702,1000000,1500000
2016-03-20 22:06:34.375000,1.12710,1.12703,1000000,1000000
2016-03-20 22:06:34.917000,1.12710,1.12702,1000000,1000000
2016-03-20 22:06:35.780000,1.12710,1.12703,1000000,1500000
2016-03-20 22:06:36.287000,1.12710,1.12702,1000000,1500000
2016-03-20 22:06:36.811000,1.12710,1.12701,1000000,2250000
2016-03-20 22:06:37.329000,1.12711,1.12701,2250000,1500000
2016-03-20 22:06:37.584000,1.12710,1.12703,1000000,1500000
2016-03-20 22:06:38.090000,1.12711,1.12703,1000000,1500000
2016-03-20 22:06:38.627000,1.12710,1.12702,1000000,1000000
2016-03-20 22:06:39.133000,1.12710,1.12703,1000000,1500000
2016-03-20 22:06:39.640000,1.12710,1.12702,1000000,1500000
2016-03-20 22:06:40.308000,1.12710,1.12701,1000000,2250000
2016-03-20 22:06:40.837000,1.12710,1.12702,1000000,1500000
2016-03-20 22:06:41.344000,1.12710,1.12703,1000000,1000000
2016-03-20 22:06:42.847000,1.12711,1.12703,1000000,1000000
2016-03-20 22:06:43.354000,1.12710,1.12703,1000000,1000000
2016-03-20 22:06:47.565000,1.12711,1.12703,1000000,1500000
2016-03-20 22:06:48.107000,1.12710,1.12703,1000000,1500000
2016-03-20 22:06:50.295000,1.12711,1.12703,1000000,1500000
2016-03-20 22:06:50.815000,1.12710,1.12703,1000000,1500000
2016-03-20 22:06:51.909000,1.12711,1.12703,1000000,1500000
2016-03-20 22:06:52.423000,1.12710,1.12703,1000000,1500000
2016-03-20 22:06:53.872000,1.12711,1.12703,1000000,1500000
2016-03-20 22:06:54.378000,1.12710,1.12703,1000000,1500000
2016-03-20 22:06:55.491000,1.12711,1.12703,1000000,1500000
2016-03-20 22:06:56.014000,1.12710,1.12703,1000000,1500000
2016-03-20 22:06:57.592000,1.12711,1.12703,1000000,1500000
2016-03-20 22:06:58.099000,1.12710,1.12703,1000000,1500000
2016-03-20 22:06:58.593000,1.12712,1.12703,1000000,2250000
2016-03-20 22:06:58.695000,1.12711,1.12705,1000000,1000000
2016-03-20 22:06:59.555000,1.12711,1.12704,1000000,2250000
2016-03-20 22:07:00.011000,1.12712,1.12706,1000000,1000000
2016-03-20 22:07:00.113000,1.12712,1.12704,1000000,1500000
2016-03-20 22:07:00.617000,1.12712,1.12705,1000000,1500000
2016-03-20 22:07:01.131000,1.12711,1.12704,1000000,1500000
2016-03-20 22:07:05.609000,1.12712,1.12704,1000000,1500000
2016-03-20 22:07:05.912000,1.12712,1.12707,1000000,1000000
2016-03-20 22:07:06.419000,1.12713,1.12707,1000000,1500000
2016-03-20 22:07:07.131000,1.12714,1.12708,1000000,1500000
2016-03-20 22:07:07.303000,1.12716,1.12709,3000000,1500000
2016-03-20 22:07:08.523000,1.12717,1.12709,1500000,1500000
2016-03-20 22:07:09.425000,1.12716,1.12709,1000000,1500000
2016-03-20 22:07:10.438000,1.12717,1.12709,1500000,1500000
2016-03-20 22:07:10.945000,1.12716,1.12709,1000000,1500000
2016-03-20 22:07:13.606000,1.12717,1.12709,1500000,1500000
2016-03-20 22:07:14.428000,1.12716,1.12709,1000000,1500000
2016-03-20 22:07:17.039000,1.12717,1.12709,1500000,1500000
2016-03-20 22:07:17.565000,1.12716,1.12709,1000000,1500000
2016-03-20 22:07:21.552000,1.12717,1.12709,1500000,1500000
2016-03-20 22:07:22.058000,1.12716,1.12709,1000000,1500000
2016-03-20 22:07:26.065000,1.12717,1.12709,1500000,1500000
2016-03-20 22:07:26.571000,1.12716,1.12709,1000000,1500000
2016-03-20 22:07:27.127000,1.12717,1.12709,1500000,1500000
2016-03-20 22:07:27.644000,1.12716,1.12709,1000000,1500000
2016-03-20 22:07:30.543000,1.12717,1.12709,1500000,1500000
2016-03-20 22:07:31.453000,1.12716,1.12709,1000000,1500000
