time,ask,bid,ask_volume,bid_volume
2016-05-01 21:00:11.829000,1.14633,1.14593,750000,370000
2016-05-01 21:00:12.439000,1.14633,1.14592,1500000,750000
2016-05-01 21:00:15.541000,1.14621,1.14592,750000,370000
2016-05-01 21:00:15.591000,1.14621,1.14590,750000,370000
2016-05-01 21:00:15.957000,1.14616,1.14589,750000,370000
2016-05-01 21:00:16.008000,1.14616,1.14585,1500000,750000
2016-05-01 21:00:18.760000,1.14616,1.14592,750000,370000
2016-05-01 21:00:18.819000,1.14633,1.14592,1500000,750000
2016-05-01 21:00:18.949000,1.14633,1.14612,750000,370000
2016-05-01 21:00:19,1.14643,1.14612,750000,370000
2016-05-01 21:00:23.350000,1.14631,1.14611,750000,370000
2016-05-01 21:00:23.400000,1.14631,1.14590,1500000,750000
2016-05-01 21:00:24.232000,1.14631,1.14616,750000,370000
2016-05-01 21:00:24.287000,1.14636,1.14616,600000,750000
2016-05-01 21:00:24.338000,1.14647,1.14616,1500000,750000
2016-05-01 21:00:24.641000,1.14632,1.14616,750000,370000
2016-05-01 21:00:24.692000,1.14632,1.14591,1500000,750000
2016-05-01 21:00:31.740000,1.14630,1.14591,750000,370000
2016-05-01 21:00:31.798000,1.14630,1.14589,1500000,750000
2016-05-01 21:00:39.772000,1.14624,1.14589,750000,750000
2016-05-01 21:00:41.051000,1.14622,1.14589,750000,750000
2016-05-01 21:00:42.701000,1.14623,1.14589,750000,750000
2016-05-01 21:00:46.164000,1.14611,1.14589,750000,370000
2016-05-01 21:00:46.217000,1.14611,1.14587,1500000,750000
2016-05-01 21:00:46.500000,1.14606,1.14588,750000,750000
2016-05-01 21:00:46.581000,1.14611,1.14589,1500000,750000
2016-05-01 21:00:47.219000,1.14624,1.14589,1500000,750000
2016-05-01 21:00:49.690000,1.14623,1.14588,750000,750000
2016-05-01 21:00:49.791000,1.14619,1.14588,750000,750000
2016-05-01 21:00:50.170000,1.14616,1.14588,750000,370000
2016-05-01 21:00:50.513000,1.14614,1.14590,750000,750000
2016-05-01 21:00:53.756000,1.14616,1.14588,1500000,750000
2016-05-01 21:00:53.873000,1.14619,1.14588,1500000,1500000
2016-05-01 21:00:54.830000,1.14607,1.14589,750000,750000
2016-05-01 21:00:54.981000,1.14611,1.14588,750000,750000
2016-05-01 21:00:55.162000,1.14607,1.14589,750000,750000
2016-05-01 21:00:55.271000,1.14611,1.14585,750000,750000
2016-05-01 21:00:55.486000,1.14612,1.14589,750000,370000
2016-05-01 21:00:55.858000,1.14605,1.14587,750000,750000
2016-05-01 21:00:58.800000,1.14605,1.14589,750000,370000
2016-05-01 21:00:58.951000,1.14605,1.14587,750000,750000
2016-05-01 21:00:59.493000,1.14606,1.14588,750000,750000
2016-05-01 21:01:00.026000,1.14613,1.14589,750000,1120000
2016-05-01 21:01:00.077000,1.14625,1.14589,1500000,1120000
2016-05-01 21:01:00.638000,1.14625,1.14590,750000,750000
2016-05-01 21:01:00.689000,1.14614,1.14590,750000,1120000
2016-05-01 21:01:01.245000,1.14613,1.14589,750000,750000
2016-05-01 21:01:02.770000,1.14613,1.14587,750000,1500000
2016-05-01 21:01:07.808000,1.14613,1.14591,750000,750000
2016-05-01 21:01:10.737000,1.14624,1.14590,750000,1500000
2016-05-01 21:01:10.788000,1.14616,1.14590,750000,1120000
2016-05-01 21:01:11.110000,1.14611,1.14588,750000,750000
2016-05-01 21:01:22.900000,1.14609,1.14588,750000,750000
2016-05-01 21:01:28.630000,1.14607,1.14588,750000,750000
2016-05-01 21:01:28.853000,1.14616,1.14588,1500000,750000
2016-05-01 21:01:28.954000,1.14622,1.14590,750000,750000
2016-05-01 21:01:29.311000,1.14625,1.14590,750000,750000
2016-05-01 21:01:30.609000,1.14622,1.14590,750000,750000
2016-05-01 21:01:32.484000,1.14626,1.14593,1500000,750000
2016-05-01 21:01:35.229000,1.14626,1.14592,1500000,750000
2016-05-01 21:01:43.820000,1.14622,1.14590,750000,1870000
2016-05-01 21:01:44.376000,1.14621,1.14590,1500000,1870000
2016-05-01 21:02:08.296000,1.14621,1.14591,1500000,750000
2016-05-01 21:02:08.600000,1.14621,1.14593,1500000,750000
2016-05-01 21:02:09.309000,1.14621,1.14594,1500000,750000
2016-05-01 21:02:17.121000,1.14622,1.14593,750000,1500000
2016-05-01 21:02:17.172000,1.14625,1.14594,750000,750000
2016-05-01 21:02:17.223000,1.14636,1.14594,1500000,750000
2016-05-01 21:02:17.274000,1.14627,1.14593,750000,1500000
2016-05-01 21:02:17.821000,1.14628,1.14592,750000,750000
2016-05-01 21:02:17.872000,1.14630,1.14592,750000,750000
2016-05-01 21:02:18.392000,1.14631,1.14592,1500000,750000
2016-05-01 21:02:25.167000,1.14631,1.14591,1500000,750000
2016-05-01 21:02:28.249000,1.14631,1.14590,1500000,750000
2016-05-01 21:02:31.748000,1.14631,1.14591,750000,370000
2016-05-01 21:02:32.286000,1.14632,1.14591,1500000,750000
2016-05-01 21:02:45.358000,1.14627,1.14591,750000,750000
2016-05-01 21:03:03.565000,1.14627,1.14592,1500000,750000
2016-05-01 21:03:08.598000,1.14627,1.14597,1500000,750000
2016-05-01 21:03:08.906000,1.14627,1.14603,750000,750000
2016-05-01 21:03:09.838000,1.14630,1.14600,750000,1500000
2016-05-01 21:03:09.889000,1.14633,1.14602,1500000,750000
2016-05-01 21:03:12.003000,1.14631,1.14602,750000,750000
2016-05-01 21:03:12.572000,1.14627,1.14603,750000,750000
2016-05-01 21:03:21.296000,1.14625,1.14601,750000,750000
2016-05-01 21:03:28.441000,1.14630,1.14600,1500000,750000
2016-05-01 21:03:28.492000,1.14633,1.14602,2250000,750000
2016-05-01 21:03:28.672000,1.14626,1.14602,750000,1120000
2016-05-01 21:03:28.874000,1.14629,1.14600,750000,370000
2016-05-01 21:03:28.975000,1.14631,1.14603,750000,370000
2016-05-01 21:03:29.026000,1.14634,1.14603,2250000,750000
2016-05-01 21:03:39.155000,1.14633,1.14598,750000,370000
2016-05-01 21:03:45.852000,1.14634,1.14598,750000,370000
2016-05-01 21:03:45.903000,1.14645,1.14598,750000,750000
2016-05-01 21:03:51.205000,1.14646,1.14598,750000,1500000
2016-05-01 21:03:58.718000,1.14644,1.14598,750000,750000
2016-05-01 21:04:02.222000,1.14643,1.14598,750000,750000
2016-05-01 21:04:04.587000,1.14643,1.14618,1000000,1500000
2016-05-01 21:04:04.925000,1.14644,1.14620,1000000,1500000
2016-05-01 21:04:08.863000,1.14636,1.14620,1190000,1500000
2016-05-01 21:04:11.173000,1.14642,1.14620,1190000,1500000
2016-05-01 21:04:26.184000,1.14642,1.14621,1190000,1000000
2016-05-01 21:04:29.374000,1.14642,1.14620,1190000,1500000
2016-05-01 21:04:38.287000,1.14639,1.14607,1190000,1000000
2016-05-01 21:04:56.450000,1.14633,1.14607,1000000,1000000
2016-05-01 21:05:06.252000,1.14636,1.14610,1690000,1000000
2016-05-01 21:05:06.586000,1.14636,1.14611,1190000,1370000
2016-05-01 21:05:11.867000,1.14636,1.14611,1190000,1000000
2016-05-01 21:05:14.935000,1.14635,1.14611,1190000,1000000
2016-05-01 21:05:31.903000,1.14635,1.14609,1190000,1370000
2016-05-01 21:05:37.925000,1.14636,1.14609,1690000,1370000
2016-05-01 21:05:40.925000,1.14635,1.14609,1190000,1370000
2016-05-01 21:05:51.766000,1.14635,1.14609,1190000,1500000
2016-05-01 21:05:52.219000,1.14632,1.14604,1250000,1370000
2016-05-01 21:05:52.345000,1.14632,1.14601,1250000,1000000
2016-05-01 21:05:52.396000,1.14632,1.14603,1250000,1120000
2016-05-01 21:05:56.217000,1.14634,1.14600,1190000,1000000
2016-05-01 21:06:06.138000,1.14630,1.14600,1190000,1000000
2016-05-01 21:06:11.791000,1.14630,1.14600,1190000,1370000
2016-05-01 21:06:32.784000,1.14628,1.14594,1190000,1870000
2016-05-01 21:06:32.885000,1.14628,1.14592,1190000,1000000
2016-05-01 21:06:33.433000,1.14628,1.14591,1190000,1000000
2016-05-01 21:06:35.702000,1.14628,1.14590,1190000,1000000
2016-05-01 21:06:51.737000,1.14630,1.14590,1190000,1870000
2016-05-01 21:06:52.270000,1.14628,1.14591,1250000,1000000
2016-05-01 21:07:21.782000,1.14627,1.14591,1000000,1000000
2016-05-01 21:07:31.835000,1.14627,1.14590,1000000,1000000
2016-05-01 21:07:45.101000,1.14626,1.14590,1190000,1000000
2016-05-01 21:07:53.200000,1.14626,1.14591,1190000,1000000
2016-05-01 21:07:53.531000,1.14626,1.14594,1190000,1370000
2016-05-01 21:08:02.637000,1.14621,1.14594,1000000,1370000
2016-05-01 21:08:03.190000,1.14621,1.14594,1000000,1000000
2016-05-01 21:08:03.691000,1.14622,1.14594,1000000,1000000
2016-05-01 21:08:04.192000,1.14621,1.14594,1000000,1000000
2016-05-01 21:08:04.736000,1.14622,1.14594,1000000,1000000
2016-05-01 21:08:06.057000,1.14620,1.14594,4500000,1500000
2016-05-01 21:08:06.460000,1.14625,1.14599,6750000,1000000
2016-05-01 21:08:07.577000,1.14626,1.14600,2250000,1000000
2016-05-01 21:08:11.622000,1.14628,1.14600,1190000,1000000
2016-05-01 21:08:11.925000,1.14621,1.14594,1000000,1000000
2016-05-01 21:08:16.032000,1.14620,1.14594,1500000,1000000
2016-05-01 21:08:23.020000,1.14620,1.14595,2250000,1000000
2016-05-01 21:08:23.420000,1.14620,1.14597,2250000,1000000
2016-05-01 21:08:27.690000,1.14622,1.14597,2250000,1000000
2016-05-01 21:08:31.973000,1.14623,1.14596,2250000,1000000
2016-05-01 21:08:32.502000,1.14622,1.14597,2250000,1000000
2016-05-01 21:08:32.666000,1.14623,1.14593,2250000,3000000
2016-05-01 21:08:32.767000,1.14624,1.14595,2250000,1000000
2016-05-01 21:08:33.360000,1.14623,1.14595,1500000,1000000
2016-05-01 21:08:36.868000,1.14622,1.14595,1000000,2250000
2016-05-01 21:08:36.969000,1.14624,1.14595,2250000,2250000
2016-05-01 21:08:37.417000,1.14622,1.14595,2250000,1500000
2016-05-01 21:08:40.213000,1.14623,1.14595,2250000,2250000
2016-05-01 21:08:45.902000,1.14624,1.14595,1500000,1000000
2016-05-01 21:08:47.049000,1.14618,1.14595,1250000,1000000
2016-05-01 21:08:51.471000,1.14618,1.14595,1190000,1000000
2016-05-01 21:08:54.941000,1.14617,1.14593,1250000,2620000
2016-05-01 21:08:56.975000,1.14618,1.14593,1250000,1500000
2016-05-01 21:08:57.026000,1.14618,1.14590,1250000,2250000
2016-05-01 21:09:07.110000,1.14617,1.14590,1250000,1120000
2016-05-01 21:09:15.298000,1.14617,1.14589,1190000,2250000
2016-05-01 21:09:18.842000,1.14617,1.14589,1190000,3370000
2016-05-01 21:09:28.792000,1.14617,1.14592,1190000,1000000
2016-05-01 21:09:29.323000,1.14617,1.14591,1190000,1500000
2016-05-01 21:09:30.472000,1.14617,1.14592,1190000,1000000
2016-05-01 21:09:40.301000,1.14617,1.14590,1690000,1000000
2016-05-01 21:09:40.452000,1.14615,1.14591,1690000,1750000
2016-05-01 21:09:40.755000,1.14613,1.14602,1000000,4500000
2016-05-01 21:09:45.179000,1.14614,1.14602,1000000,4500000
2016-05-01 21:09:45.695000,1.14615,1.14602,1250000,4500000
2016-05-01 21:10:09.553000,1.14616,1.14602,1250000,4500000
2016-05-01 21:10:10.079000,1.14615,1.14602,1250000,4500000
2016-05-01 21:10:17.036000,1.14613,1.14602,1000000,4500000
2016-05-01 21:10:17.844000,1.14614,1.14602,1500000,4500000
2016-05-01 21:10:18.517000,1.14613,1.14602,1000000,4500000
2016-05-01 21:10:19.121000,1.14611,1.14602,1190000,4500000
2016-05-01 21:11:02.463000,1.14611,1.14601,1190000,4500000
2016-05-01 21:11:04.665000,1.14613,1.14602,1190000,4500000
2016-05-01 21:11:05.120000,1.14617,1.14602,1190000,4500000
2016-05-01 21:11:05.650000,1.14616,1.14602,1190000,4500000
2016-05-01 21:11:06.200000,1.14617,1.14602,1190000,4500000
2016-05-01 21:11:11.614000,1.14617,1.14601,1190000,4500000
2016-05-01 21:11:12.784000,1.14617,1.14602,1190000,4500000
2016-05-01 21:11:28.090000,1.14618,1.14602,1190000,4500000
2016-05-01 21:11:56.924000,1.14619,1.14602,1190000,4500000
2016-05-01 21:12:01.874000,1.14620,1.14602,1190000,4500000
2016-05-01 21:12:14.069000,1.14627,1.14602,3750000,4870000
2016-05-01 21:12:45.349000,1.14625,1.14608,1690000,1000000
2016-05-01 21:12:51.557000,1.14625,1.14608,1620000,1000000
2016-05-01 21:12:57.517000,1.14625,1.14608,1620000,1000000
2016-05-01 21:13:18.062000,1.14625,1.14607,1620000,1000000
2016-05-01 21:13:31.391000,1.14626,1.14607,1620000,1000000
2016-05-01 21:13:40.428000,1.14626,1.14608,1620000,1000000
2016-05-01 21:13:53.880000,1.14625,1.14608,1620000,1000000
2016-05-01 21:14:56.560000,1.14625,1.14608,1620000,1000000
2016-05-01 21:15:01.915000,1.14625,1.14606,1620000,1000000
2016-05-01 21:15:09.963000,1.14625,1.14607,1620000,1000000
2016-05-01 21:15:10.114000,1.14626,1.14607,1290000,1570000
2016-05-01 21:15:10.763000,1.14626,1.14607,1190000,1570000
2016-05-01 21:15:17.677000,1.14627,1.14608,1190000,1120000
2016-05-01 21:15:20.328000,1.14628,1.14608,1290000,1070000
2016-05-01 21:15:30.156000,1.14630,1.14608,1320000,1070000
2016-05-01 21:15:44.106000,1.14630,1.14609,1010000,1070000
2016-05-01 21:16:11.804000,1.14630,1.14612,1010000,1000000
2016-05-01 21:16:20.183000,1.14630,1.14611,1010000,1100000
2016-05-01 21:16:42.924000,1.14630,1.14606,1320000,2320000
2016-05-01 21:16:50.447000,1.14630,1.14610,1320000,1000000
2016-05-01 21:16:53.300000,1.14630,1.14609,1320000,1500000
2016-05-01 21:16:54.652000,1.14630,1.14610,1320000,1000000
2016-05-01 21:17:08.058000,1.14630,1.14609,1320000,1000000
2016-05-01 21:17:17.081000,1.14630,1.14611,1320000,1000000
2016-05-01 21:17:24.092000,1.14630,1.14610,1320000,1500000
2016-05-01 21:17:24.807000,1.14630,1.14611,1320000,1000000
2016-05-01 21:17:26.008000,1.14630,1.14610,1320000,1500000
2016-05-01 21:17:26.424000,1.14630,1.14610,1310000,1500000
2016-05-01 21:17:27.471000,1.14630,1.14610,1320000,1500000
2016-05-01 21:17:32.807000,1.14630,1.14610,1250000,1000000
2016-05-01 21:17:34.911000,1.14630,1.14609,1250000,1000000
2016-05-01 21:17:40.943000,1.14630,1.14609,1320000,1000000
2016-05-01 21:17:42.643000,1.14630,1.14607,1320000,1070000
2016-05-01 21:18:36.978000,1.14634,1.14610,1560000,1000000
2016-05-01 21:18:42.991000,1.14634,1.14610,1560000,1500000
2016-05-01 21:18:46.366000,1.14634,1.14611,1560000,1000000
2016-05-01 21:18:55.556000,1.14634,1.14610,1560000,1000000
2016-05-01 21:18:56.165000,1.14634,1.14608,1560000,1070000
2016-05-01 21:20:43.478000,1.14633,1.14610,1560000,1000000
2016-05-01 21:20:44.442000,1.14634,1.14610,5440000,1500000
2016-05-01 21:20:45.202000,1.14633,1.14611,1690000,1000000
2016-05-01 21:20:46.545000,1.14634,1.14610,5440000,1500000
2016-05-01 21:20:47.528000,1.14633,1.14611,1690000,1000000
2016-05-01 21:20:47.629000,1.14633,1.14611,2060000,1000000
2016-05-01 21:20:51.122000,1.14636,1.14611,3940000,1100000
2016-05-01 21:20:56.338000,1.14635,1.14607,2060000,1560000
2016-05-01 21:20:56.441000,1.14635,1.14607,3560000,1560000
2016-05-01 21:20:58.431000,1.14639,1.14607,3940000,2810000
2016-05-01 21:21:13.154000,1.14639,1.14607,2440000,2060000
2016-05-01 21:21:46.590000,1.14639,1.14607,2440000,2810000
2016-05-01 21:22:05.924000,1.14639,1.14613,2440000,1000000
2016-05-01 21:22:06.252000,1.14648,1.14638,1690000,1500000
2016-05-01 21:22:06.505000,1.14645,1.14617,8810000,1370000
2016-05-01 21:22:06.657000,1.14641,1.14611,2440000,1570000
2016-05-01 21:22:07.174000,1.14641,1.14611,2060000,1870000
2016-05-01 21:22:10.080000,1.14641,1.14638,1500000,2250000
2016-05-01 21:22:10.383000,1.14646,1.14628,4690000,1000000
2016-05-01 21:22:10.434000,1.14646,1.14625,5060000,1000000
2016-05-01 21:22:10.485000,1.14645,1.14619,1940000,1000000
2016-05-01 21:22:10.536000,1.14645,1.14616,4310000,3000000
2016-05-01 21:22:10.639000,1.14644,1.14612,3190000,1570000
2016-05-01 21:22:12.049000,1.14644,1.14622,3000000,1250000
2016-05-01 21:22:12.159000,1.14644,1.14612,3190000,1760000
2016-05-01 21:22:13.055000,1.14639,1.14610,2810000,1870000
2016-05-01 21:22:13.404000,1.14639,1.14610,3190000,1570000
2016-05-01 21:22:18.003000,1.14637,1.14611,1120000,1290000
2016-05-01 21:22:41.214000,1.14638,1.14611,3190000,1100000
2016-05-01 21:22:41.751000,1.14638,1.14610,3190000,1760000
2016-05-01 21:22:50.918000,1.14636,1.14611,1310000,1000000
2016-05-01 21:22:51.615000,1.14636,1.14612,1120000,1250000
2016-05-01 21:23:00.045000,1.14636,1.14610,3560000,1570000
2016-05-01 21:23:01.934000,1.14636,1.14610,3370000,1760000
2016-05-01 21:23:09.488000,1.14636,1.14610,1310000,1570000
2016-05-01 21:23:10.182000,1.14636,1.14611,1560000,1000000
2016-05-01 21:23:12.923000,1.14637,1.14611,3000000,1290000
2016-05-01 21:23:55.729000,1.14636,1.14610,3560000,1570000
2016-05-01 21:23:58.326000,1.14636,1.14610,3000000,1760000
2016-05-01 21:24:03.226000,1.14637,1.14613,3000000,1000000
2016-05-01 21:24:10.876000,1.14638,1.14611,3940000,1290000
2016-05-01 21:24:40.933000,1.14638,1.14611,3000000,1010000
2016-05-01 21:24:41.896000,1.14639,1.14610,6190000,1760000
2016-05-01 21:24:43.365000,1.14639,1.14610,6190000,1760000
2016-05-01 21:25:38.482000,1.14638,1.14610,2810000,1010000
2016-05-01 21:25:41.084000,1.14638,1.14610,2620000,3260000
2016-05-01 21:25:43.546000,1.14640,1.14610,7690000,1570000
2016-05-01 21:25:47.366000,1.14640,1.14611,7690000,1000000
2016-05-01 21:25:53.110000,1.14639,1.14611,3190000,1190000
2016-05-01 21:26:02.885000,1.14638,1.14608,1560000,1260000
2016-05-01 21:26:19.223000,1.14638,1.14612,1560000,1000000
2016-05-01 21:26:31.640000,1.14638,1.14609,3940000,1260000
2016-05-01 21:26:35.541000,1.14638,1.14609,3560000,1260000
2016-05-01 21:26:38.606000,1.14638,1.14609,3560000,1260000
2016-05-01 21:26:41.552000,1.14638,1.14613,1560000,1000000
2016-05-01 21:26:44.256000,1.14638,1.14613,2000000,1000000
2016-05-01 21:26:50.157000,1.14638,1.14610,1940000,1500000
2016-05-01 21:27:09.536000,1.14638,1.14611,3940000,1000000
2016-05-01 21:27:16.065000,1.14638,1.14611,1560000,1000000
2016-05-01 21:27:16.607000,1.14639,1.14610,1560000,1570000
2016-05-01 21:27:19.152000,1.14638,1.14611,1560000,1000000
2016-05-01 21:27:19.935000,1.14638,1.14611,1620000,1190000
2016-05-01 21:28:11.196000,1.14638,1.14610,1620000,1760000
2016-05-01 21:28:21.908000,1.14638,1.14612,1690000,1250000
2016-05-01 21:28:41.983000,1.14640,1.14609,5440000,1290000
2016-05-01 21:28:55.964000,1.14640,1.14609,3940000,1290000
2016-05-01 21:29:10.911000,1.14640,1.14608,1940000,1260000
2016-05-01 21:29:12.012000,1.14640,1.14609,6190000,1290000
2016-05-01 21:29:33.618000,1.14639,1.14609,2810000,1190000
2016-05-01 21:29:34.188000,1.14639,1.14609,3190000,1290000
2016-05-01 21:30:01.222000,1.14640,1.14612,4870000,1190000
2016-05-01 21:30:01.531000,1.14639,1.14606,1310000,1310000
2016-05-01 21:30:15.045000,1.14638,1.14610,2620000,1250000
2016-05-01 21:30:44.864000,1.14639,1.14610,6190000,1010000
2016-05-01 21:31:11.986000,1.14639,1.14607,1750000,1260000
2016-05-01 21:31:26.007000,1.14639,1.14607,3940000,1760000
2016-05-01 21:32:16.645000,1.14639,1.14610,4690000,1250000
2016-05-01 21:32:17.173000,1.14639,1.14610,4690000,1250000
2016-05-01 21:32:35.595000,1.14639,1.14605,4690000,3560000
2016-05-01 21:32:36.990000,1.14639,1.14605,4690000,3940000
2016-05-01 21:32:43.067000,1.14639,1.14609,5440000,1260000
2016-05-01 21:32:43.594000,1.14639,1.14610,2440000,1250000
2016-05-01 21:32:44.178000,1.14639,1.14610,5440000,1250000
2016-05-01 21:32:47.150000,1.14639,1.14610,4690000,1010000
2016-05-01 21:32:54.500000,1.14639,1.14610,2000000,1250000
2016-05-01 21:33:31.705000,1.14639,1.14609,4690000,1190000
2016-05-01 21:33:32.371000,1.14639,1.14609,4690000,1190000
2016-05-01 21:33:42.438000,1.14639,1.14609,4690000,1190000
2016-05-01 21:33:42.975000,1.14639,1.14609,4690000,1190000
2016-05-01 21:34:03.772000,1.14639,1.14610,2250000,1000000
2016-05-01 21:34:05.802000,1.14639,1.14609,2250000,1250000
2016-05-01 21:34:07.114000,1.14639,1.14610,4500000,1000000
2016-05-01 21:34:31.720000,1.14635,1.14609,1690000,1250000
2016-05-01 21:34:32.270000,1.14632,1.14610,1370000,1000000
2016-05-01 21:34:37.651000,1.14631,1.14609,2620000,1250000
2016-05-01 21:34:39.981000,1.14631,1.14610,2620000,1000000
2016-05-01 21:34:58.814000,1.14633,1.14606,1370000,1190000
2016-05-01 21:34:59.118000,1.14634,1.14610,2620000,1250000
2016-05-01 21:35:14.150000,1.14638,1.14610,3370000,1190000
2016-05-01 21:35:22.449000,1.14638,1.14610,3750000,1190000
2016-05-01 21:36:02.872000,1.14638,1.14610,3370000,1190000
2016-05-01 21:36:26.624000,1.14638,1.14610,3750000,1190000
2016-05-01 21:36:37.629000,1.14638,1.14610,3370000,1190000
2016-05-01 21:36:45.077000,1.14638,1.14610,1500000,1190000
2016-05-01 21:36:46.507000,1.14638,1.14610,1750000,1190000
2016-05-01 21:36:55.960000,1.14638,1.14609,1750000,1190000
2016-05-01 21:36:56.907000,1.14638,1.14610,1750000,1190000
2016-05-01 21:37:01.687000,1.14637,1.14610,1750000,1190000
2016-05-01 21:37:35.389000,1.14637,1.14610,1750000,1190000
2016-05-01 21:37:57.005000,1.14637,1.14609,1750000,1190000
2016-05-01 21:38:11.971000,1.14638,1.14610,1750000,1190000
2016-05-01 21:38:26.913000,1.14638,1.14610,1750000,1190000
2016-05-01 21:38:44.868000,1.14638,1.14610,1940000,1190000
2016-05-01 21:38:45.371000,1.14637,1.14610,1690000,1190000
2016-05-01 21:38:46.380000,1.14637,1.14609,1690000,1190000
2016-05-01 21:38:57.114000,1.14637,1.14610,1560000,1190000
2016-05-01 21:38:57.899000,1.14637,1.14610,1560000,1190000
2016-05-01 21:39:11.813000,1.14638,1.14610,2440000,1190000
2016-05-01 21:39:17.207000,1.14638,1.14610,2060000,1190000
2016-05-01 21:39:31.838000,1.14638,1.14610,1620000,1190000
2016-05-01 21:39:47.204000,1.14638,1.14610,2060000,1190000
2016-05-01 21:40:04.914000,1.14638,1.14607,3560000,1760000
2016-05-01 21:40:26.906000,1.14638,1.14608,1560000,1260000
2016-05-01 21:40:27.645000,1.14638,1.14610,1560000,1190000
2016-05-01 21:40:30.326000,1.14637,1.14610,1940000,1190000
2016-05-01 21:40:30.831000,1.14630,1.14610,1120000,1190000
2016-05-01 21:40:50.536000,1.14630,1.14607,1620000,1640000
2016-05-01 21:41:07.050000,1.14633,1.14610,2810000,1190000
2016-05-01 21:41:12.964000,1.14633,1.14610,3190000,1190000
2016-05-01 21:41:18.471000,1.14631,1.14610,1560000,1190000
2016-05-01 21:41:21.579000,1.14633,1.14609,2810000,1260000
2016-05-01 21:41:23.808000,1.14633,1.14615,1870000,1000000
2016-05-01 21:41:24.336000,1.14636,1.14615,3940000,1000000
2016-05-01 21:41:25.813000,1.14635,1.14610,1560000,1260000
2016-05-01 21:41:32.933000,1.14629,1.14608,1070000,1260000
2016-05-01 21:41:40.243000,1.14634,1.14608,2060000,1560000
2016-05-01 21:41:44.028000,1.14636,1.14608,1690000,1310000
2016-05-01 21:41:45.312000,1.14633,1.14608,1560000,1290000
2016-05-01 21:41:49.163000,1.14633,1.14610,1560000,1260000
2016-05-01 21:41:50.290000,1.14633,1.14610,1560000,1190000
2016-05-01 21:41:51.140000,1.14633,1.14610,1370000,1290000
2016-05-01 21:41:51.192000,1.14635,1.14610,1370000,1290000
2016-05-01 21:42:02.056000,1.14638,1.14610,2440000,2060000
2016-05-01 21:42:14.469000,1.14638,1.14615,1620000,1250000
2016-05-01 21:42:16.390000,1.14638,1.14623,1370000,1000000
2016-05-01 21:42:16.441000,1.14638,1.14623,1070000,1000000
2016-05-01 21:42:16.493000,1.14638,1.14625,1070000,1000000
2016-05-01 21:42:18.644000,1.14642,1.14624,2250000,1500000
2016-05-01 21:42:19.189000,1.14642,1.14625,2250000,1000000
2016-05-01 21:42:22.102000,1.14640,1.14624,1120000,1000000
2016-05-01 21:42:31.815000,1.14640,1.14623,1120000,1500000
2016-05-01 21:42:45.187000,1.14640,1.14623,2620000,1190000
2016-05-01 21:42:57.511000,1.14639,1.14623,1070000,1690000
2016-05-01 21:43:04.332000,1.14640,1.14623,1310000,1690000
2016-05-01 21:43:10.601000,1.14640,1.14623,2440000,1000000
2016-05-01 21:43:10.855000,1.14634,1.14617,1560000,1370000
2016-05-01 21:43:10.957000,1.14634,1.14615,1560000,1000000
2016-05-01 21:43:11.603000,1.14634,1.14614,1560000,1000000
2016-05-01 21:43:12.154000,1.14634,1.14615,2060000,1000000
2016-05-01 21:43:14.496000,1.14634,1.14614,2060000,1000000
2016-05-01 21:43:14.997000,1.14634,1.14615,2060000,1000000
2016-05-01 21:43:20.607000,1.14634,1.14614,2060000,1000000
2016-05-01 21:43:21.177000,1.14634,1.14615,2060000,1000000
2016-05-01 21:43:21.834000,1.14634,1.14614,2060000,1000000
2016-05-01 21:43:22.559000,1.14634,1.14615,2060000,1000000
2016-05-01 21:43:23.550000,1.14634,1.14614,2060000,1000000
2016-05-01 21:43:24.051000,1.14634,1.14615,2060000,1000000
2016-05-01 21:43:33.058000,1.14634,1.14614,2810000,1000000
2016-05-01 21:43:33.559000,1.14634,1.14615,2810000,1000000
2016-05-01 21:43:36.565000,1.14634,1.14614,2810000,1000000
2016-05-01 21:43:37.066000,1.14634,1.14615,2810000,1000000
2016-05-01 21:43:45.683000,1.14634,1.14614,2810000,1000000
2016-05-01 21:43:46.233000,1.14635,1.14615,3560000,1000000
2016-05-01 21:43:47.566000,1.14635,1.14614,3560000,1000000
2016-05-01 21:43:48.084000,1.14635,1.14615,5060000,1000000
2016-05-01 21:43:50.193000,1.14635,1.14608,5060000,1290000
2016-05-01 21:43:51.165000,1.14635,1.14615,5060000,1000000
2016-05-01 21:43:51.797000,1.14635,1.14614,2060000,1000000
2016-05-01 21:43:52.347000,1.14635,1.14615,2060000,1000000
2016-05-01 21:43:54.523000,1.14635,1.14614,2060000,1000000
2016-05-01 21:43:55.100000,1.14635,1.14615,2060000,1000000
2016-05-01 21:44:01.411000,1.14635,1.14614,2060000,1000000
2016-05-01 21:44:01.961000,1.14638,1.14615,3190000,1310000
2016-05-01 21:44:35.498000,1.14638,1.14615,2810000,1250000
2016-05-01 21:44:55.125000,1.14619,1.14615,1000000,1000000
2016-05-01 21:44:55.177000,1.14619,1.14612,1000000,6000000
2016-05-01 21:44:55.228000,1.14619,1.14614,1000000,1000000
2016-05-01 21:44:55.481000,1.14625,1.14615,1000000,1000000
2016-05-01 21:44:56.015000,1.14631,1.14615,1370000,1000000
2016-05-01 21:44:56.566000,1.14631,1.14614,1370000,1250000
2016-05-01 21:44:57.106000,1.14631,1.14615,1370000,1000000
2016-05-01 21:44:58.119000,1.14631,1.14614,1370000,1690000
2016-05-01 21:44:58.661000,1.14627,1.14615,1070000,1000000
2016-05-01 21:44:58.712000,1.14627,1.14615,1120000,1000000
2016-05-01 21:45:00.857000,1.14627,1.14615,1070000,1000000
2016-05-01 21:45:01.098000,1.14620,1.14615,1000000,1000000
2016-05-01 21:45:02.727000,1.14622,1.14615,1000000,1000000
2016-05-01 21:45:02.982000,1.14628,1.14614,1570000,1000000
2016-05-01 21:45:03.483000,1.14627,1.14615,1100000,1000000
2016-05-01 21:45:05.023000,1.14627,1.14614,1100000,1000000
2016-05-01 21:45:05.624000,1.14627,1.14615,1100000,1000000
2016-05-01 21:45:06.653000,1.14627,1.14614,1100000,1000000
2016-05-01 21:45:07.254000,1.14627,1.14615,1100000,1000000
2016-05-01 21:45:08.659000,1.14627,1.14614,1100000,1000000
2016-05-01 21:45:09.163000,1.14627,1.14615,1100000,1000000
2016-05-01 21:45:10.964000,1.14627,1.14614,1100000,1000000
2016-05-01 21:45:11.470000,1.14627,1.14615,1100000,1000000
2016-05-01 21:45:12.051000,1.14627,1.14615,1290000,1000000
2016-05-01 21:45:12.567000,1.14627,1.14614,1290000,1000000
2016-05-01 21:45:13.073000,1.14627,1.14615,1290000,1000000
2016-05-01 21:45:13.268000,1.14627,1.14615,1010000,1000000
2016-05-01 21:45:13.970000,1.14627,1.14614,1010000,1000000
2016-05-01 21:45:14.472000,1.14627,1.14615,1010000,1000000
2016-05-01 21:45:14.927000,1.14627,1.14615,1320000,1000000
2016-05-01 21:45:15.028000,1.14627,1.14615,1010000,1000000
2016-05-01 21:45:16.470000,1.14626,1.14615,1000000,1000000
2016-05-01 21:45:17.384000,1.14625,1.14615,1000000,1000000
2016-05-01 21:45:18.345000,1.14626,1.14615,1100000,1000000
2016-05-01 21:45:18.904000,1.14627,1.14614,1320000,1000000
2016-05-01 21:45:19.437000,1.14627,1.14615,1320000,1000000
2016-05-01 21:45:20.489000,1.14627,1.14614,1320000,1000000
2016-05-01 21:45:21.039000,1.14628,1.14615,2510000,1000000
2016-05-01 21:45:22.192000,1.14628,1.14614,1760000,1000000
2016-05-01 21:45:22.906000,1.14627,1.14615,1320000,1000000
2016-05-01 21:45:23.998000,1.14627,1.14614,1320000,1000000
2016-05-01 21:45:24.549000,1.14627,1.14615,1320000,1000000
2016-05-01 21:45:25.051000,1.14627,1.14614,1320000,1000000
2016-05-01 21:45:25.613000,1.14627,1.14615,1320000,1000000
2016-05-01 21:45:26.353000,1.14626,1.14615,1070000,1000000
2016-05-01 21:45:28.508000,1.14629,1.14614,2440000,1000000
2016-05-01 21:45:29.025000,1.14629,1.14615,2440000,1000000
2016-05-01 21:45:31.517000,1.14629,1.14614,2440000,1000000
2016-05-01 21:45:32.018000,1.14629,1.14615,2440000,1000000
2016-05-01 21:45:33.498000,1.14621,1.14615,1000000,1000000
2016-05-01 21:45:33.550000,1.14623,1.14615,1000000,1000000
2016-05-01 21:45:33.753000,1.14626,1.14614,1000000,1120000
2016-05-01 21:45:34.024000,1.14630,1.14615,1260000,1000000
2016-05-01 21:45:34.526000,1.14630,1.14614,1260000,1120000
2016-05-01 21:45:35.076000,1.14630,1.14615,1260000,1000000
2016-05-01 21:45:37.576000,1.14629,1.14615,1870000,1000000
2016-05-01 21:45:39.407000,1.14628,1.14614,1070000,1000000
2016-05-01 21:45:40.043000,1.14628,1.14615,1070000,1000000
2016-05-01 21:45:43.024000,1.14628,1.14614,1070000,1000000
2016-05-01 21:45:43.540000,1.14628,1.14615,1070000,1000000
2016-05-01 21:45:44.250000,1.14628,1.14614,1070000,1000000
2016-05-01 21:45:44.763000,1.14628,1.14615,1070000,1000000
2016-05-01 21:45:48.549000,1.14629,1.14614,1310000,1000000
2016-05-01 21:45:49.144000,1.14629,1.14615,1310000,1000000
2016-05-01 21:45:50.052000,1.14629,1.14614,1310000,1000000
2016-05-01 21:45:50.557000,1.14629,1.14613,1310000,3750000
2016-05-01 21:45:54.260000,1.14629,1.14615,1310000,1000000
2016-05-01 21:45:55.968000,1.14628,1.14614,1070000,1000000
2016-05-01 21:45:56.473000,1.14628,1.14613,1100000,3750000
2016-05-01 21:46:10.053000,1.14628,1.14613,1290000,3750000
2016-05-01 21:46:10.265000,1.14632,1.14613,1260000,3750000
2016-05-01 21:46:21.224000,1.14636,1.14613,1560000,3750000
2016-05-01 21:46:39.834000,1.14636,1.14613,1560000,4690000
2016-05-01 21:46:47.854000,1.14637,1.14614,3560000,1250000
2016-05-01 21:46:48.577000,1.14637,1.14615,3560000,1000000
2016-05-01 21:46:49.121000,1.14637,1.14614,3560000,1250000
2016-05-01 21:46:49.756000,1.14637,1.14615,3560000,1000000
2016-05-01 21:46:50.459000,1.14637,1.14614,3560000,1250000
2016-05-01 21:46:51.089000,1.14637,1.14615,2810000,1000000
2016-05-01 21:46:51.776000,1.14637,1.14614,3560000,1690000
2016-05-01 21:46:52.278000,1.14637,1.14615,3560000,1000000
2016-05-01 21:46:53.077000,1.14637,1.14614,3560000,1690000
2016-05-01 21:46:53.615000,1.14637,1.14615,3560000,1000000
2016-05-01 21:46:55.883000,1.14637,1.14614,1560000,3190000
2016-05-01 21:46:56.423000,1.14637,1.14615,1560000,1000000
2016-05-01 21:47:01.084000,1.14637,1.14614,1560000,3190000
2016-05-01 21:47:01.795000,1.14637,1.14615,1560000,1000000
2016-05-01 21:47:03.019000,1.14637,1.14614,1560000,2440000
2016-05-01 21:47:03.535000,1.14637,1.14615,1560000,1000000
2016-05-01 21:47:04.593000,1.14638,1.14614,2060000,2440000
2016-05-01 21:47:05.096000,1.14638,1.14615,2060000,1000000
2016-05-01 21:47:06.609000,1.14638,1.14614,2060000,2440000
2016-05-01 21:47:07.131000,1.14638,1.14615,2060000,1000000
2016-05-01 21:47:07.733000,1.14638,1.14614,2060000,2440000
2016-05-01 21:47:08.238000,1.14638,1.14615,2060000,1000000
2016-05-01 21:47:08.701000,1.14638,1.14614,1760000,1620000
2016-05-01 21:47:08.853000,1.14638,1.14614,2060000,1250000
2016-05-01 21:47:09.359000,1.14638,1.14615,2060000,1000000
2016-05-01 21:47:12.519000,1.14637,1.14613,1560000,7310000
2016-05-01 21:47:12.570000,1.14637,1.14613,1560000,6940000
2016-05-01 21:47:15.842000,1.14636,1.14613,1560000,6000000
2016-05-01 21:47:56.992000,1.14635,1.14613,1260000,6000000
2016-05-01 21:47:58.723000,1.14636,1.14613,1310000,6750000
2016-05-01 21:47:59.249000,1.14636,1.14614,1310000,1500000
2016-05-01 21:47:59.797000,1.14636,1.14613,1310000,6750000
2016-05-01 21:48:00.302000,1.14637,1.14614,1560000,1500000
2016-05-01 21:48:04.454000,1.14638,1.14613,2810000,6750000
2016-05-01 21:48:04.974000,1.14638,1.14614,2810000,1500000
2016-05-01 21:48:05.555000,1.14638,1.14615,2810000,3000000
2016-05-01 21:48:13.203000,1.14638,1.14614,2060000,3750000
2016-05-01 21:48:13.771000,1.14638,1.14615,2060000,3000000
2016-05-01 21:48:15.511000,1.14638,1.14614,2060000,3750000
2016-05-01 21:48:16.020000,1.14638,1.14615,2060000,3000000
2016-05-01 21:48:21.377000,1.14635,1.14615,1310000,1500000
2016-05-01 21:48:21.883000,1.14635,1.14614,1310000,2250000
2016-05-01 21:48:22.675000,1.14635,1.14614,1310000,2250000
2016-05-01 21:48:32.867000,1.14635,1.14614,1560000,2250000
2016-05-01 21:48:39.128000,1.14636,1.14613,1560000,6750000
2016-05-01 21:48:39.666000,1.14636,1.14614,1560000,1500000
2016-05-01 21:48:41.068000,1.14636,1.14613,1560000,6750000
2016-05-01 21:48:41.573000,1.14636,1.14614,1560000,1500000
2016-05-01 21:48:44.478000,1.14636,1.14613,1560000,6750000
2016-05-01 21:48:45.024000,1.14636,1.14614,1560000,1500000
2016-05-01 21:48:46.251000,1.14636,1.14613,1560000,6750000
2016-05-01 21:48:46.776000,1.14636,1.14614,1560000,1500000
2016-05-01 21:48:47.552000,1.14636,1.14613,1560000,6750000
2016-05-01 21:48:48.096000,1.14636,1.14614,1560000,1500000
2016-05-01 21:48:49.457000,1.14636,1.14613,1560000,6000000
2016-05-01 21:48:50.003000,1.14636,1.14614,1560000,1500000
2016-05-01 21:48:51.166000,1.14636,1.14613,1560000,6000000
2016-05-01 21:48:51.714000,1.14636,1.14614,1560000,1500000
2016-05-01 21:48:52.216000,1.14635,1.14613,1560000,6000000
2016-05-01 21:48:52.785000,1.14635,1.14614,1560000,1500000
2016-05-01 21:48:55.802000,1.14638,1.14613,5060000,6000000
2016-05-01 21:48:56.311000,1.14638,1.14614,5060000,1500000
2016-05-01 21:48:58.481000,1.14638,1.14613,4310000,6750000
2016-05-01 21:48:59.065000,1.14638,1.14614,4310000,1500000
2016-05-01 21:48:59.583000,1.14638,1.14613,4310000,6750000
2016-05-01 21:49:00.085000,1.14638,1.14614,4310000,1500000
2016-05-01 21:49:07.603000,1.14638,1.14613,4310000,6000000
2016-05-01 21:49:08.158000,1.14638,1.14614,5060000,1500000
2016-05-01 21:49:08.706000,1.14638,1.14613,5060000,6000000
2016-05-01 21:49:09.209000,1.14638,1.14614,5060000,1500000
2016-05-01 21:49:09.859000,1.14638,1.14613,5060000,6000000
2016-05-01 21:49:10.362000,1.14638,1.14614,5060000,1500000
2016-05-01 21:49:11.715000,1.14638,1.14613,5060000,6000000
2016-05-01 21:49:12.220000,1.14638,1.14614,4310000,1500000
2016-05-01 21:49:13.918000,1.14638,1.14613,4310000,6000000
2016-05-01 21:49:14.420000,1.14638,1.14614,4310000,1500000
2016-05-01 21:49:16.258000,1.14638,1.14613,4310000,6000000
2016-05-01 21:49:16.849000,1.14638,1.14614,5810000,1500000
2016-05-01 21:49:18.226000,1.14634,1.14613,1310000,6750000
2016-05-01 21:49:18.751000,1.14634,1.14614,1310000,1500000
2016-05-01 21:49:20.331000,1.14634,1.14613,1310000,6000000
2016-05-01 21:49:21.241000,1.14634,1.14614,1310000,1500000
2016-05-01 21:49:23.677000,1.14634,1.14613,1310000,6000000
2016-05-01 21:49:24.210000,1.14634,1.14614,1310000,1500000
2016-05-01 21:49:25.341000,1.14634,1.14613,1310000,6000000
2016-05-01 21:49:25.864000,1.14634,1.14614,1310000,1500000
2016-05-01 21:49:26.375000,1.14634,1.14614,1310000,1500000
2016-05-01 21:49:27.648000,1.14634,1.14613,1310000,6000000
2016-05-01 21:49:28.197000,1.14634,1.14614,1310000,1500000
2016-05-01 21:49:31.374000,1.14634,1.14613,1310000,6000000
2016-05-01 21:49:31.906000,1.14634,1.14614,1310000,1500000
2016-05-01 21:49:32.467000,1.14634,1.14613,1310000,6000000
2016-05-01 21:49:33.086000,1.14634,1.14614,1310000,1500000
2016-05-01 21:49:34.458000,1.14634,1.14613,1310000,6000000
2016-05-01 21:49:34.960000,1.14634,1.14614,1310000,1500000
2016-05-01 21:49:39.273000,1.14636,1.14613,1560000,6000000
2016-05-01 21:49:39.824000,1.14636,1.14614,1560000,1500000
2016-05-01 21:49:40.774000,1.14636,1.14613,1560000,6000000
2016-05-01 21:49:41.300000,1.14636,1.14614,1560000,1500000
2016-05-01 21:49:42.477000,1.14636,1.14613,1560000,6000000
2016-05-01 21:49:43.178000,1.14636,1.14614,1560000,1500000
2016-05-01 21:49:45.282000,1.14636,1.14613,1560000,6000000
2016-05-01 21:49:45.803000,1.14636,1.14614,1560000,1500000
2016-05-01 21:49:47.287000,1.14636,1.14613,1560000,6000000
2016-05-01 21:49:47.999000,1.14636,1.14614,1560000,1500000
2016-05-01 21:49:49.008000,1.14636,1.14613,1560000,6000000
2016-05-01 21:49:49.521000,1.14636,1.14614,1560000,1500000
2016-05-01 21:50:20.474000,1.14637,1.14614,3560000,2250000
2016-05-01 21:50:27.305000,1.14637,1.14615,1260000,3070000
2016-05-01 21:50:31.716000,1.14637,1.14615,1560000,3000000
2016-05-01 21:50:34.656000,1.14638,1.14616,1690000,2250000
2016-05-01 21:50:36.643000,1.14639,1.14616,2060000,1070000
2016-05-01 21:50:45.259000,1.14638,1.14616,1690000,1500000
2016-05-01 21:50:47.488000,1.14637,1.14615,1560000,3750000
2016-05-01 21:50:48.007000,1.14637,1.14616,1940000,1500000
2016-05-01 21:50:48.518000,1.14637,1.14615,1940000,3750000
2016-05-01 21:50:51.441000,1.14637,1.14614,2440000,2250000
2016-05-01 21:52:13.482000,1.14634,1.14616,1560000,1750000
2016-05-01 21:52:13.583000,1.14638,1.14620,1560000,1500000
2016-05-01 21:52:14.102000,1.14638,1.14620,1310000,2250000
2016-05-01 21:52:17.094000,1.14638,1.14620,1560000,1500000
2016-05-01 21:52:19.046000,1.14638,1.14619,1560000,1870000
2016-05-01 21:52:19.564000,1.14638,1.14620,1560000,1000000
2016-05-01 21:52:22.235000,1.14638,1.14619,1560000,1870000
2016-05-01 21:52:22.738000,1.14638,1.14620,2060000,1000000
2016-05-01 21:52:22.789000,1.14635,1.14620,1370000,1000000
2016-05-01 21:52:22.840000,1.14635,1.14616,1560000,1690000
2016-05-01 21:52:45.575000,1.14636,1.14617,1560000,1310000
2016-05-01 21:52:49.490000,1.14636,1.14621,2060000,1000000
2016-05-01 21:52:52.086000,1.14635,1.14620,1620000,1500000
2016-05-01 21:52:53.702000,1.14636,1.14620,1260000,1500000
2016-05-01 21:52:53.851000,1.14639,1.14622,2060000,1000000
2016-05-01 21:53:05.055000,1.14639,1.14622,1070000,1000000
2016-05-01 21:53:06.260000,1.14639,1.14622,1560000,1000000
2016-05-01 21:53:25.614000,1.14641,1.14622,1310000,1000000
2016-05-01 21:53:25.741000,1.14641,1.14622,1690000,1000000
2016-05-01 21:53:34.129000,1.14638,1.14621,1370000,1120000
2016-05-01 21:53:40.291000,1.14637,1.14621,1370000,1500000
2016-05-01 21:53:50.709000,1.14638,1.14618,3560000,1000000
2016-05-01 21:53:53.991000,1.14638,1.14616,3560000,1500000
2016-05-01 21:53:55.221000,1.14638,1.14615,2060000,5250000
2016-05-01 21:53:55.773000,1.14638,1.14616,3560000,1500000
2016-05-01 21:53:56.627000,1.14637,1.14617,2060000,1000000
2016-05-01 21:53:57.178000,1.14638,1.14616,3560000,1000000
2016-05-01 21:53:57.476000,1.14637,1.14619,1870000,1120000
2016-05-01 21:53:57.780000,1.14637,1.14619,2060000,1690000
2016-05-01 21:54:01.641000,1.14637,1.14619,2060000,1690000
2016-05-01 21:54:02.395000,1.14638,1.14619,4310000,1690000
2016-05-01 21:54:02.943000,1.14638,1.14621,3370000,1000000
2016-05-01 21:54:39.566000,1.14640,1.14629,3370000,1000000
2016-05-01 21:54:39.871000,1.14642,1.14634,1690000,2250000
2016-05-01 21:54:40.198000,1.14640,1.14631,1500000,2250000
2016-05-01 21:54:40.249000,1.14640,1.14637,1000000,2250000
2016-05-01 21:54:40.401000,1.14645,1.14640,1690000,2250000
2016-05-01 21:54:40.452000,1.14645,1.14634,2250000,3000000
2016-05-01 21:54:40.607000,1.14641,1.14628,2000000,1370000
2016-05-01 21:54:40.658000,1.14639,1.14625,1370000,3750000
2016-05-01 21:54:40.759000,1.14639,1.14623,1370000,1500000
2016-05-01 21:54:41.293000,1.14639,1.14622,1370000,1000000
2016-05-01 21:54:48.741000,1.14639,1.14621,1370000,1000000
2016-05-01 21:55:22.040000,1.14626,1.14621,1000000,1000000
2016-05-01 21:55:22.141000,1.14627,1.14615,1000000,1500000
2016-05-01 21:55:22.243000,1.14627,1.14613,1070000,1000000
2016-05-01 21:55:22.751000,1.14626,1.14612,1100000,1500000
2016-05-01 21:55:28.432000,1.14626,1.14612,1070000,1000000
2016-05-01 21:55:30.399000,1.14626,1.14612,1070000,1000000
2016-05-01 21:55:30.905000,1.14626,1.14612,1000000,1000000
2016-05-01 21:55:36.997000,1.14626,1.14614,1000000,1000000
2016-05-01 21:55:37.649000,1.14627,1.14614,1000000,1000000
2016-05-01 21:55:38.199000,1.14626,1.14614,1000000,1000000
2016-05-01 21:55:38.702000,1.14626,1.14613,1000000,1000000
2016-05-01 21:55:39.205000,1.14626,1.14614,1000000,1000000
2016-05-01 21:55:41.444000,1.14626,1.14613,1000000,1000000
2016-05-01 21:55:41.956000,1.14626,1.14614,1000000,1000000
2016-05-01 21:55:42.714000,1.14626,1.14613,1000000,1000000
2016-05-01 21:55:43.259000,1.14626,1.14614,1000000,1000000
2016-05-01 21:55:43.767000,1.14626,1.14613,1000000,1000000
2016-05-01 21:55:44.498000,1.14626,1.14614,1000000,1000000
2016-05-01 21:55:47.478000,1.14626,1.14613,1000000,1000000
2016-05-01 21:55:47.992000,1.14626,1.14614,1000000,1000000
2016-05-01 21:55:48.320000,1.14626,1.14612,1000000,1000000
2016-05-01 21:56:08.812000,1.14629,1.14614,1570000,1000000
2016-05-01 21:56:08.914000,1.14632,1.14614,2510000,2250000
2016-05-01 21:56:08.965000,1.14634,1.14619,1310000,1000000
2016-05-01 21:56:09.513000,1.14636,1.14619,2810000,1000000
2016-05-01 21:56:27.304000,1.14637,1.14617,2620000,3000000
2016-05-01 21:56:32.554000,1.14635,1.14615,2620000,3750000
2016-05-01 21:56:35.953000,1.14635,1.14617,3370000,1000000
2016-05-01 21:56:36.282000,1.14637,1.14619,2620000,1000000
2016-05-01 21:56:44.181000,1.14637,1.14619,2620000,1000000
2016-05-01 21:56:48.600000,1.14637,1.14619,3000000,1000000
2016-05-01 21:56:50.037000,1.14637,1.14619,2320000,1000000
2016-05-01 21:57:09.369000,1.14639,1.14618,1870000,2250000
2016-05-01 21:57:15.081000,1.14639,1.14619,1870000,1000000
2016-05-01 21:58:14.727000,1.14630,1.14619,1500000,1000000
2016-05-01 21:58:15.031000,1.14626,1.14619,1000000,1000000
2016-05-01 21:58:19.003000,1.14629,1.14619,1500000,1000000
2016-05-01 21:58:19.155000,1.14637,1.14619,2320000,1000000
2016-05-01 21:58:25.382000,1.14639,1.14618,2620000,3000000
2016-05-01 21:58:26.961000,1.14639,1.14619,2620000,1000000
2016-05-01 21:58:48.756000,1.14640,1.14619,4010000,3000000
2016-05-01 21:59:34.726000,1.14637,1.14619,750000,750000
2016-05-01 21:59:34.777000,1.14624,1.14619,750000,750000
2016-05-01 21:59:34.958000,1.14621,1.14610,750000,3000000
2016-05-01 21:59:35.844000,1.14621,1.14615,750000,750000
2016-05-01 21:59:37.374000,1.14621,1.14614,750000,750000
2016-05-01 21:59:37.913000,1.14621,1.14615,750000,750000
2016-05-01 21:59:39.687000,1.14621,1.14610,750000,750000
2016-05-01 21:59:40.453000,1.14621,1.14609,750000,1690000
2016-05-01 21:59:40.976000,1.14621,1.14610,750000,750000
2016-05-01 21:59:41.482000,1.14621,1.14609,750000,1690000
2016-05-01 21:59:42.006000,1.14621,1.14610,750000,750000
2016-05-01 21:59:45.363000,1.14621,1.14609,750000,1690000
2016-05-01 21:59:45.907000,1.14621,1.14610,750000,750000
2016-05-01 21:59:46.305000,1.14621,1.14615,750000,750000
2016-05-01 21:59:47.114000,1.14621,1.14614,750000,750000
2016-05-01 21:59:47.620000,1.14621,1.14615,750000,750000
2016-05-01 21:59:51.885000,1.14621,1.14614,750000,750000
2016-05-01 21:59:52.423000,1.14621,1.14615,1500000,750000
2016-05-01 21:59:52.525000,1.14621,1.14611,1500000,190000
2016-05-01 21:59:53.092000,1.14621,1.14610,1500000,750000
2016-05-01 21:59:54.782000,1.14621,1.14609,1500000,750000
2016-05-01 21:59:55.288000,1.14621,1.14610,1500000,750000
2016-05-01 21:59:55.826000,1.14621,1.14609,1500000,750000
2016-05-01 21:59:56.330000,1.14621,1.14610,750000,750000
2016-05-01 21:59:56.851000,1.14621,1.14609,750000,750000
2016-05-01 21:59:57.357000,1.14621,1.14610,750000,750000
2016-05-01 21:59:58.184000,1.14621,1.14611,2250000,750000
2016-05-01 21:59:58.235000,1.14619,1.14611,750000,750000
2016-05-01 21:59:58.540000,1.14616,1.14612,750000,750000
2016-05-01 21:59:58.591000,1.14616,1.14610,750000,750000
2016-05-01 22:00:00.194000,1.14617,1.14610,750000,750000
2016-05-01 22:00:00.296000,1.14619,1.14612,1500000,750000
2016-05-01 22:00:00.601000,1.14633,1.14625,750000,750000
2016-05-01 22:00:00.661000,1.14630,1.14623,750000,1570000
2016-05-01 22:00:00.997000,1.14646,1.14635,750000,750000
2016-05-01 22:00:01.149000,1.14646,1.14632,750000,1500000
2016-05-01 22:00:01.200000,1.14639,1.14632,1690000,750000
2016-05-01 22:00:01.504000,1.14636,1.14635,940000,1500000
2016-05-01 22:00:01.613000,1.14631,1.14630,190000,1500000
2016-05-01 22:00:01.916000,1.14631,1.14629,190000,1500000
2016-05-01 22:00:02.418000,1.14631,1.14630,190000,750000
2016-05-01 22:00:03.634000,1.14633,1.14632,190000,750000
2016-05-01 22:00:03.837000,1.14631,1.14630,190000,3000000
2016-05-01 22:00:04.368000,1.14631,1.14629,190000,3000000
2016-05-01 22:00:04.687000,1.14636,1.14633,750000,750000
2016-05-01 22:00:04.738000,1.14649,1.14640,2250000,750000
2016-05-01 22:00:04.839000,1.14647,1.14641,750000,820000
2016-05-01 22:00:05.042000,1.14645,1.14630,750000,1570000
2016-05-01 22:00:05.675000,1.14645,1.14629,750000,5250000
2016-05-01 22:00:06.080000,1.14640,1.14629,750000,4500000
2016-05-01 22:00:06.687000,1.14641,1.14629,750000,4500000
2016-05-01 22:00:07.092000,1.14640,1.14631,750000,750000
2016-05-01 22:00:07.143000,1.14642,1.14631,1500000,750000
2016-05-01 22:00:07.207000,1.14644,1.14635,750000,1500000
2016-05-01 22:00:07.329000,1.14643,1.14631,1500000,1500000
2016-05-01 22:00:07.389000,1.14640,1.14631,750000,1500000
2016-05-01 22:00:07.541000,1.14643,1.14631,750000,1500000
2016-05-01 22:00:07.794000,1.14643,1.14633,750000,750000
2016-05-01 22:00:07.946000,1.14643,1.14631,1500000,1500000
2016-05-01 22:00:08.478000,1.14644,1.14631,1500000,1500000
2016-05-01 22:00:08.997000,1.14643,1.14631,750000,1500000
2016-05-01 22:00:09.327000,1.14645,1.14635,2250000,750000
2016-05-01 22:00:09.631000,1.14643,1.14634,750000,750000
2016-05-01 22:00:10.137000,1.14642,1.14634,750000,750000
2016-05-01 22:00:10.491000,1.14645,1.14634,1500000,750000
2016-05-01 22:00:10.581000,1.14642,1.14635,750000,1500000
2016-05-01 22:00:10.935000,1.14641,1.14633,750000,750000
2016-05-01 22:00:11.037000,1.14641,1.14635,750000,1500000
2016-05-01 22:00:11.543000,1.14640,1.14632,750000,750000
2016-05-01 22:00:11.999000,1.14645,1.14632,1500000,190000
2016-05-01 22:00:13.455000,1.14642,1.14628,190000,190000
2016-05-01 22:00:13.784000,1.14640,1.14627,190000,1500000
2016-05-01 22:00:13.938000,1.14640,1.14625,940000,1310000
2016-05-01 22:00:14.409000,1.14640,1.14627,940000,750000
2016-05-01 22:00:14.752000,1.14640,1.14629,750000,190000
2016-05-01 22:00:15.217000,1.14640,1.14627,940000,750000
2016-05-01 22:00:15.269000,1.14640,1.14625,190000,1870000
2016-05-01 22:00:15.962000,1.14641,1.14628,750000,190000
2016-05-01 22:00:16.063000,1.14639,1.14625,190000,2060000
2016-05-01 22:00:16.521000,1.14634,1.14625,750000,2060000
2016-05-01 22:00:16.825000,1.14631,1.14624,370000,190000
2016-05-01 22:00:16.876000,1.14636,1.14624,750000,190000
2016-05-01 22:00:17.182000,1.14638,1.14624,1690000,190000
2016-05-01 22:00:18.448000,1.14638,1.14626,190000,300000
2016-05-01 22:00:18.889000,1.14638,1.14624,190000,1690000
2016-05-01 22:00:19.762000,1.14636,1.14626,750000,1500000
2016-05-01 22:00:20.095000,1.14632,1.14623,750000,190000
2016-05-01 22:00:20.399000,1.14627,1.14616,750000,190000
2016-05-01 22:00:20.501000,1.14630,1.14625,3000000,190000
2016-05-01 22:00:20.552000,1.14634,1.14625,750000,190000
2016-05-01 22:00:20.805000,1.14632,1.14619,750000,1500000
2016-05-01 22:00:20.856000,1.14632,1.14616,3300000,1690000
2016-05-01 22:00:21.160000,1.14630,1.14616,750000,190000
2016-05-01 22:00:21.362000,1.14630,1.14613,750000,1690000
2016-05-01 22:00:21.896000,1.14629,1.14613,750000,1690000
2016-05-01 22:00:22.048000,1.14629,1.14623,750000,190000
2016-05-01 22:00:23.175000,1.14630,1.14623,3750000,190000
2016-05-01 22:00:23.726000,1.14630,1.14624,3750000,190000
2016-05-01 22:00:24.131000,1.14630,1.14614,2250000,190000
2016-05-01 22:00:24.789000,1.14629,1.14614,110000,190000
2016-05-01 22:00:25.056000,1.14629,1.14616,110000,750000
2016-05-01 22:00:25.364000,1.14629,1.14621,110000,190000
2016-05-01 22:00:26.686000,1.14628,1.14621,750000,190000
2016-05-01 22:00:27.295000,1.14629,1.14621,860000,190000
2016-05-01 22:00:28.294000,1.14632,1.14621,2250000,190000
2016-05-01 22:00:28.496000,1.14630,1.14621,110000,190000
2016-05-01 22:00:32.122000,1.14630,1.14617,490000,750000
2016-05-01 22:00:33.577000,1.14630,1.14624,490000,190000
2016-05-01 22:00:33.678000,1.14635,1.14628,1120000,190000
2016-05-01 22:00:33.729000,1.14637,1.14628,750000,190000
2016-05-01 22:00:34.235000,1.14638,1.14628,300000,190000
2016-05-01 22:00:35.411000,1.14635,1.14628,750000,190000
2016-05-01 22:00:35.664000,1.14638,1.14628,1240000,190000
2016-05-01 22:00:38.048000,1.14638,1.14636,1050000,750000
2016-05-01 22:00:38.403000,1.14638,1.14632,300000,750000
2016-05-01 22:00:38.960000,1.14637,1.14632,190000,100000
2016-05-01 22:00:39.223000,1.14638,1.14629,300000,750000
2016-05-01 22:00:41.833000,1.14640,1.14629,2440000,750000
2016-05-01 22:00:42.289000,1.14638,1.14629,190000,750000
2016-05-01 22:00:42.794000,1.14637,1.14630,190000,190000
2016-05-01 22:00:43.335000,1.14638,1.14629,340000,750000
2016-05-01 22:00:43.842000,1.14637,1.14630,190000,190000
2016-05-01 22:00:43.893000,1.14639,1.14629,940000,750000
2016-05-01 22:00:45.211000,1.14637,1.14630,190000,190000
2016-05-01 22:00:45.769000,1.14639,1.14629,940000,750000
2016-05-01 22:00:46.646000,1.14638,1.14629,750000,750000
2016-05-01 22:00:47.159000,1.14637,1.14630,190000,190000
2016-05-01 22:00:47.706000,1.14638,1.14629,340000,750000
2016-05-01 22:00:48.888000,1.14637,1.14630,190000,190000
2016-05-01 22:00:51.479000,1.14638,1.14629,190000,750000
2016-05-01 22:00:52.722000,1.14637,1.14630,190000,190000
2016-05-01 22:00:53.179000,1.14635,1.14629,370000,750000
2016-05-01 22:00:53.697000,1.14635,1.14630,750000,190000
2016-05-01 22:00:53.799000,1.14635,1.14628,370000,190000
2016-05-01 22:00:54.324000,1.14635,1.14627,370000,1690000
2016-05-01 22:00:54.476000,1.14635,1.14631,370000,190000
2016-05-01 22:00:56.025000,1.14635,1.14629,370000,190000
2016-05-01 22:00:58.435000,1.14635,1.14631,370000,190000
2016-05-01 22:00:59.418000,1.14635,1.14631,1120000,190000
2016-05-01 22:00:59.520000,1.14635,1.14627,1120000,1500000
2016-05-01 22:00:59.571000,1.14637,1.14629,190000,750000
2016-05-01 22:00:59.736000,1.14639,1.14629,190000,750000
2016-05-01 22:00:59.991000,1.14637,1.14630,190000,190000
2016-05-01 22:01:00.498000,1.14636,1.14629,370000,750000
2016-05-01 22:01:01.042000,1.14633,1.14628,750000,190000
2016-05-01 22:01:01.347000,1.14635,1.14631,3000000,190000
2016-05-01 22:01:01.499000,1.14633,1.14628,750000,190000
2016-05-01 22:01:01.753000,1.14635,1.14627,2810000,2250000
2016-05-01 22:01:02.126000,1.14635,1.14629,1870000,190000
2016-05-01 22:01:02.279000,1.14634,1.14627,750000,2440000
2016-05-01 22:01:02.380000,1.14635,1.14629,1500000,190000
2016-05-01 22:01:02.583000,1.14640,1.14629,190000,1500000
2016-05-01 22:01:02.735000,1.14638,1.14627,940000,750000
2016-05-01 22:01:03.039000,1.14639,1.14629,750000,750000
2016-05-01 22:01:03.651000,1.14640,1.14629,2060000,750000
2016-05-01 22:01:04.168000,1.14639,1.14629,750000,750000
2016-05-01 22:01:04.696000,1.14636,1.14631,750000,190000
2016-05-01 22:01:04.797000,1.14638,1.14629,750000,750000
2016-05-01 22:01:05.319000,1.14639,1.14629,940000,750000
2016-05-01 22:01:09.010000,1.14638,1.14629,750000,750000
2016-05-01 22:01:09.523000,1.14639,1.14629,190000,750000
2016-05-01 22:01:14.150000,1.14638,1.14631,190000,190000
2016-05-01 22:01:14.936000,1.14639,1.14629,750000,750000
2016-05-01 22:01:17.991000,1.14638,1.14631,190000,190000
2016-05-01 22:01:18.296000,1.14636,1.14629,190000,190000
2016-05-01 22:01:19.345000,1.14636,1.14625,1500000,370000
2016-05-01 22:01:20.597000,1.14636,1.14624,1500000,370000
2016-05-01 22:01:21.098000,1.14636,1.14625,1500000,370000
2016-05-01 22:01:22.050000,1.14637,1.14625,3000000,370000
2016-05-01 22:01:22.152000,1.14638,1.14627,190000,750000
2016-05-01 22:01:22.499000,1.14638,1.14630,190000,370000
2016-05-01 22:01:23.615000,1.14638,1.14629,190000,370000
2016-05-01 22:01:24.140000,1.14638,1.14630,190000,370000
2016-05-01 22:01:25.562000,1.14638,1.14629,190000,370000
2016-05-01 22:01:26.112000,1.14638,1.14630,190000,370000
2016-05-01 22:01:27.334000,1.14638,1.14629,190000,370000
2016-05-01 22:01:27.913000,1.14638,1.14630,190000,370000
2016-05-01 22:01:28.419000,1.14638,1.14629,190000,370000
2016-05-01 22:01:28.934000,1.14638,1.14630,190000,370000
2016-05-01 22:01:29.416000,1.14638,1.14628,190000,1500000
2016-05-01 22:01:31.123000,1.14638,1.14630,190000,370000
2016-05-01 22:01:31.781000,1.14641,1.14630,1500000,370000
2016-05-01 22:01:32.346000,1.14640,1.14630,370000,370000
2016-05-01 22:01:32.876000,1.14641,1.14630,2620000,370000
2016-05-01 22:01:33.324000,1.14640,1.14627,370000,1870000
2016-05-01 22:01:34.530000,1.14641,1.14627,3750000,1870000
2016-05-01 22:01:35.127000,1.14640,1.14627,370000,1870000
2016-05-01 22:01:38.650000,1.14641,1.14627,1500000,1500000
2016-05-01 22:01:39.186000,1.14640,1.14627,370000,1500000
2016-05-01 22:01:39.687000,1.14641,1.14627,1500000,1500000
2016-05-01 22:01:40.189000,1.14640,1.14627,370000,1500000
2016-05-01 22:01:40.692000,1.14641,1.14627,750000,1500000
2016-05-01 22:01:41.281000,1.14640,1.14627,370000,1500000
2016-05-01 22:01:42.154000,1.14641,1.14627,1500000,1500000
2016-05-01 22:01:42.696000,1.14640,1.14627,1120000,1500000
2016-05-01 22:01:42.747000,1.14637,1.14627,190000,750000
2016-05-01 22:01:42.900000,1.14637,1.14625,190000,370000
2016-05-01 22:01:43.447000,1.14638,1.14625,190000,370000
2016-05-01 22:01:45.391000,1.14638,1.14624,190000,1120000
2016-05-01 22:01:45.901000,1.14638,1.14625,190000,370000
2016-05-01 22:01:52.765000,1.14638,1.14624,190000,370000
2016-05-01 22:01:53.367000,1.14638,1.14625,190000,370000
2016-05-01 22:01:54.417000,1.14636,1.14625,190000,370000
2016-05-01 22:01:54.924000,1.14636,1.14624,190000,370000
2016-05-01 22:01:55.473000,1.14636,1.14625,190000,370000
2016-05-01 22:01:56.277000,1.14636,1.14624,190000,370000
2016-05-01 22:01:56.783000,1.14636,1.14625,190000,370000
2016-05-01 22:01:57.520000,1.14636,1.14624,370000,370000
2016-05-01 22:01:58.026000,1.14635,1.14625,370000,750000
2016-05-01 22:01:59.616000,1.14634,1.14625,750000,370000
2016-05-01 22:02:00.130000,1.14633,1.14624,750000,370000
2016-05-01 22:02:00.181000,1.14637,1.14624,1500000,1120000
2016-05-01 22:02:00.434000,1.14637,1.14627,190000,750000
2016-05-01 22:02:00.485000,1.14639,1.14628,940000,750000
2016-05-01 22:02:00.596000,1.14642,1.14629,750000,300000
2016-05-01 22:02:00.649000,1.14644,1.14629,820000,300000
2016-05-01 22:02:00.802000,1.14642,1.14630,940000,670000
2016-05-01 22:02:01.107000,1.14640,1.14628,1690000,750000
2016-05-01 22:02:01.411000,1.14641,1.14635,370000,2250000
2016-05-01 22:02:01.564000,1.14645,1.14636,1500000,1500000
2016-05-01 22:02:01.666000,1.14641,1.14635,100000,300000
2016-05-01 22:02:01.780000,1.14644,1.14635,190000,300000
2016-05-01 22:02:01.882000,1.14644,1.14632,190000,1500000
2016-05-01 22:02:02.237000,1.14644,1.14629,260000,2620000
2016-05-01 22:02:02.745000,1.14644,1.14630,260000,670000
2016-05-01 22:02:03.293000,1.14643,1.14631,190000,1120000
2016-05-01 22:02:03.901000,1.14643,1.14632,190000,370000
2016-05-01 22:02:04.053000,1.14646,1.14632,1690000,370000
2016-05-01 22:02:04.572000,1.14646,1.14631,750000,1870000
2016-05-01 22:02:05.095000,1.14646,1.14632,1120000,370000
2016-05-01 22:02:05.803000,1.14646,1.14631,1120000,2620000
2016-05-01 22:02:06.358000,1.14646,1.14632,1120000,370000
2016-05-01 22:02:08.408000,1.14646,1.14631,1500000,8250000
2016-05-01 22:02:09.267000,1.14647,1.14631,1570000,3000000
2016-05-01 22:02:09.777000,1.14646,1.14631,750000,3000000
2016-05-01 22:02:10.283000,1.14646,1.14632,1870000,370000
2016-05-01 22:02:10.814000,1.14646,1.14631,1500000,8250000
2016-05-01 22:02:11.594000,1.14646,1.14633,1500000,750000
2016-05-01 22:02:11.898000,1.14646,1.14635,1500000,370000
2016-05-01 22:02:13.603000,1.14647,1.14635,2250000,1120000
2016-05-01 22:02:14.121000,1.14646,1.14635,750000,4500000
2016-05-01 22:02:14.678000,1.14647,1.14635,1500000,750000
2016-05-01 22:02:15.235000,1.14646,1.14635,750000,1120000
2016-05-01 22:02:18.041000,1.14647,1.14637,1500000,750000
2016-05-01 22:02:18.384000,1.14647,1.14639,750000,370000
2016-05-01 22:02:18.941000,1.14647,1.14640,1500000,370000
2016-05-01 22:02:19.245000,1.14645,1.14640,750000,370000
2016-05-01 22:02:19.789000,1.14646,1.14640,750000,370000
2016-05-01 22:02:20.295000,1.14647,1.14640,1500000,370000
2016-05-01 22:02:20.852000,1.14646,1.14640,750000,300000
2016-05-01 22:02:21.190000,1.14646,1.14637,1500000,750000
2016-05-01 22:02:21.343000,1.14647,1.14640,750000,370000
2016-05-01 22:02:21.648000,1.14645,1.14640,750000,370000
2016-05-01 22:02:22.762000,1.14645,1.14639,750000,370000
2016-05-01 22:02:23.297000,1.14645,1.14640,750000,370000
2016-05-01 22:02:24.166000,1.14644,1.14640,750000,370000
2016-05-01 22:02:25.261000,1.14647,1.14640,750000,370000
2016-05-01 22:02:25.767000,1.14646,1.14640,750000,370000
2016-05-01 22:02:26.284000,1.14644,1.14640,750000,370000
2016-05-01 22:02:28.034000,1.14647,1.14640,750000,370000
2016-05-01 22:02:28.136000,1.14643,1.14640,1500000,370000
2016-05-01 22:02:28.441000,1.14641,1.14640,750000,370000
2016-05-01 22:02:28.644000,1.14642,1.14639,750000,370000
2016-05-01 22:02:29.155000,1.14642,1.14640,750000,370000
2016-05-01 22:02:29.257000,1.14644,1.14640,750000,370000
2016-05-01 22:02:29.763000,1.14643,1.14640,750000,370000
2016-05-01 22:02:30.270000,1.14642,1.14640,750000,370000
2016-05-01 22:02:30.815000,1.14643,1.14640,750000,370000
2016-05-01 22:02:31.558000,1.14644,1.14640,750000,370000
2016-05-01 22:02:33.174000,1.14644,1.14639,750000,370000
2016-05-01 22:02:33.717000,1.14644,1.14640,750000,370000
2016-05-01 22:02:34.324000,1.14646,1.14640,750000,370000
2016-05-01 22:02:35.839000,1.14647,1.14640,750000,370000
2016-05-01 22:02:36.042000,1.14644,1.14640,750000,370000
2016-05-01 22:02:36.346000,1.14642,1.14640,750000,370000
2016-05-01 22:02:36.649000,1.14641,1.14640,750000,370000
2016-05-01 22:02:37.170000,1.14641,1.14640,750000,370000
2016-05-01 22:02:37.727000,1.14644,1.14640,750000,370000
2016-05-01 22:02:38.081000,1.14645,1.14637,2250000,750000
2016-05-01 22:02:38.200000,1.14639,1.14637,750000,3750000
2016-05-01 22:02:38.252000,1.14641,1.14633,1500000,750000
2016-05-01 22:02:38.405000,1.14638,1.14632,750000,750000
2016-05-01 22:02:38.966000,1.14638,1.14631,750000,3750000
2016-05-01 22:02:39.473000,1.14638,1.14633,750000,750000
2016-05-01 22:02:39.996000,1.14639,1.14631,750000,3750000
2016-05-01 22:02:40.602000,1.14641,1.14631,750000,3000000
2016-05-01 22:02:40.653000,1.14641,1.14633,750000,750000
2016-05-01 22:02:40.957000,1.14639,1.14631,750000,4500000
2016-05-01 22:02:41.293000,1.14639,1.14635,750000,4500000
2016-05-01 22:02:41.597000,1.14639,1.14631,750000,3000000
2016-05-01 22:02:41.800000,1.14639,1.14635,750000,3750000
2016-05-01 22:02:42.205000,1.14639,1.14632,750000,750000
2016-05-01 22:02:42.357000,1.14640,1.14635,750000,750000
2016-05-01 22:02:42.692000,1.14639,1.14632,750000,370000
2016-05-01 22:02:42.895000,1.14638,1.14635,750000,4500000
2016-05-01 22:02:43.199000,1.14640,1.14635,750000,3750000
2016-05-01 22:02:43.300000,1.14640,1.14631,750000,3750000
2016-05-01 22:02:43.402000,1.14640,1.14635,750000,750000
2016-05-01 22:02:43.908000,1.14639,1.14631,750000,2250000
2016-05-01 22:02:43.959000,1.14639,1.14633,750000,2250000
2016-05-01 22:02:44.299000,1.14640,1.14635,750000,3750000
2016-05-01 22:02:44.401000,1.14640,1.14631,750000,3750000
2016-05-01 22:02:44.502000,1.14640,1.14635,750000,750000
2016-05-01 22:02:44.807000,1.14640,1.14637,750000,1500000
2016-05-01 22:02:45.414000,1.14642,1.14637,750000,750000
2016-05-01 22:02:45.465000,1.14642,1.14635,750000,5250000
2016-05-01 22:02:46.014000,1.14641,1.14635,750000,5620000
2016-05-01 22:02:47.171000,1.14640,1.14635,750000,5250000
2016-05-01 22:02:47.856000,1.14639,1.14635,750000,1500000
2016-05-01 22:02:48.362000,1.14640,1.14635,750000,5250000
2016-05-01 22:02:48.946000,1.14639,1.14635,750000,5250000
2016-05-01 22:02:49.459000,1.14640,1.14635,750000,2620000
2016-05-01 22:02:49.611000,1.14642,1.14635,750000,1500000
2016-05-01 22:02:50.215000,1.14641,1.14635,750000,1500000
2016-05-01 22:02:50.721000,1.14640,1.14635,750000,6000000
2016-05-01 22:02:51.234000,1.14641,1.14635,750000,5620000
2016-05-01 22:02:51.799000,1.14640,1.14635,750000,6370000
2016-05-01 22:02:52.320000,1.14641,1.14635,750000,6370000
2016-05-01 22:02:52.473000,1.14639,1.14635,750000,5250000
2016-05-01 22:02:52.677000,1.14641,1.14635,750000,2250000
2016-05-01 22:02:53.183000,1.14640,1.14635,750000,1500000
2016-05-01 22:02:53.554000,1.14643,1.14635,750000,6370000
2016-05-01 22:02:53.656000,1.14641,1.14635,750000,2250000
2016-05-01 22:02:55.881000,1.14640,1.14635,750000,5620000
2016-05-01 22:02:56.416000,1.14641,1.14635,750000,5620000
2016-05-01 22:02:56.949000,1.14640,1.14635,750000,6370000
2016-05-01 22:02:58.943000,1.14642,1.14635,750000,1500000
2016-05-01 22:02:59.969000,1.14640,1.14635,750000,1500000
2016-05-01 22:03:01.595000,1.14639,1.14635,750000,5620000
2016-05-01 22:03:01.755000,1.14639,1.14633,750000,750000
2016-05-01 22:03:02.059000,1.14641,1.14633,2250000,1500000
2016-05-01 22:03:02.221000,1.14638,1.14633,750000,750000
2016-05-01 22:03:02.526000,1.14632,1.14629,750000,2250000
2016-05-01 22:03:02.627000,1.14635,1.14628,3750000,940000
2016-05-01 22:03:02.729000,1.14629,1.14628,750000,100000
2016-05-01 22:03:02.780000,1.14630,1.14627,750000,750000
2016-05-01 22:03:02.882000,1.14634,1.14628,370000,190000
2016-05-01 22:03:03.014000,1.14636,1.14629,1500000,750000
2016-05-01 22:03:03.282000,1.14639,1.14630,750000,750000
2016-05-01 22:03:03.485000,1.14638,1.14628,2250000,750000
2016-05-01 22:03:03.907000,1.14637,1.14630,750000,750000
2016-05-01 22:03:04.059000,1.14637,1.14628,750000,1500000
2016-05-01 22:03:04.579000,1.14637,1.14627,750000,190000
2016-05-01 22:03:05.086000,1.14638,1.14628,750000,190000
2016-05-01 22:03:06.567000,1.14637,1.14628,750000,190000
2016-05-01 22:03:07.079000,1.14636,1.14628,750000,190000
2016-05-01 22:03:07.539000,1.14638,1.14628,2250000,190000
2016-05-01 22:03:08.072000,1.14637,1.14628,750000,190000
2016-05-01 22:03:08.578000,1.14636,1.14628,750000,190000
2016-05-01 22:03:08.831000,1.14636,1.14630,750000,750000
2016-05-01 22:03:09.368000,1.14637,1.14630,750000,1500000
2016-05-01 22:03:09.571000,1.14637,1.14628,1500000,750000
2016-05-01 22:03:09.774000,1.14636,1.14630,750000,190000
2016-05-01 22:03:10.280000,1.14636,1.14631,750000,1500000
2016-05-01 22:03:10.686000,1.14636,1.14629,750000,750000
2016-05-01 22:03:11.227000,1.14636,1.14630,750000,750000
2016-05-01 22:03:11.531000,1.14638,1.14630,1500000,1500000
2016-05-01 22:03:11.683000,1.14635,1.14630,750000,1500000
2016-05-01 22:03:11.988000,1.14638,1.14630,750000,1500000
2016-05-01 22:03:12.090000,1.14635,1.14630,750000,1500000
2016-05-01 22:03:13.084000,1.14637,1.14630,750000,1500000
2016-05-01 22:03:13.591000,1.14636,1.14630,750000,1690000
2016-05-01 22:03:13.949000,1.14638,1.14629,1500000,1500000
2016-05-01 22:03:14.455000,1.14638,1.14630,750000,1500000
2016-05-01 22:03:14.961000,1.14637,1.14629,750000,1500000
2016-05-01 22:03:15.474000,1.14638,1.14630,750000,1500000
2016-05-01 22:03:16.486000,1.14637,1.14630,750000,1500000
2016-05-01 22:03:17.016000,1.14638,1.14630,2250000,750000
2016-05-01 22:03:17.727000,1.14637,1.14630,750000,1500000
2016-05-01 22:03:18.234000,1.14638,1.14630,2250000,1500000
2016-05-01 22:03:18.959000,1.14639,1.14630,940000,1500000
2016-05-01 22:03:19.465000,1.14638,1.14630,750000,1500000
2016-05-01 22:03:20.198000,1.14637,1.14630,750000,1500000
2016-05-01 22:03:20.902000,1.14638,1.14630,2250000,1500000
2016-05-01 22:03:21.663000,1.14638,1.14632,750000,750000
2016-05-01 22:03:22.275000,1.14639,1.14632,750000,1500000
2016-05-01 22:03:22.581000,1.14641,1.14631,1760000,1500000
2016-05-01 22:03:23.087000,1.14640,1.14632,750000,750000
2016-05-01 22:03:23.654000,1.14641,1.14632,1760000,750000
2016-05-01 22:03:24.215000,1.14640,1.14632,750000,750000
2016-05-01 22:03:24.418000,1.14638,1.14632,1500000,750000
2016-05-01 22:03:24.520000,1.14640,1.14630,1570000,4870000
2016-05-01 22:03:24.672000,1.14639,1.14632,1500000,750000
2016-05-01 22:03:24.824000,1.14641,1.14632,2440000,1500000
2016-05-01 22:03:25.328000,1.14640,1.14632,820000,1500000
2016-05-01 22:03:25.834000,1.14639,1.14632,750000,750000
2016-05-01 22:03:25.885000,1.14633,1.14632,370000,750000
2016-05-01 22:03:25.936000,1.14633,1.14628,370000,750000
2016-05-01 22:03:26.038000,1.14634,1.14624,750000,1500000
2016-05-01 22:03:27.216000,1.14632,1.14624,750000,1500000
2016-05-01 22:03:27.317000,1.14632,1.14622,750000,1570000
2016-05-01 22:03:27.866000,1.14633,1.14622,1500000,1570000
2016-05-01 22:03:28.020000,1.14631,1.14622,190000,1570000
2016-05-01 22:03:28.553000,1.14632,1.14622,750000,1570000
2016-05-01 22:03:29.061000,1.14631,1.14622,190000,1570000
2016-05-01 22:03:40.300000,1.14632,1.14624,750000,750000
2016-05-01 22:03:40.453000,1.14632,1.14622,750000,1500000
2016-05-01 22:03:43.390000,1.14631,1.14622,100000,1500000
2016-05-01 22:03:45.535000,1.14632,1.14622,750000,1500000
2016-05-01 22:03:46.665000,1.14635,1.14628,2250000,750000
2016-05-01 22:03:46.996000,1.14637,1.14636,1120000,100000
2016-05-01 22:03:47.047000,1.14639,1.14637,750000,370000
2016-05-01 22:03:47.148000,1.14640,1.14634,370000,820000
2016-05-01 22:03:47.212000,1.14640,1.14637,370000,100000
2016-05-01 22:03:47.364000,1.14638,1.14634,750000,750000
2016-05-01 22:03:47.415000,1.14638,1.14632,1500000,820000
2016-05-01 22:03:47.467000,1.14635,1.14632,750000,750000
2016-05-01 22:03:47.569000,1.14635,1.14624,1500000,2250000
2016-05-01 22:03:48.085000,1.14634,1.14624,940000,2470000
2016-05-01 22:03:48.238000,1.14632,1.14624,750000,1570000
2016-05-01 22:03:48.373000,1.14631,1.14622,750000,750000
2016-05-01 22:03:48.474000,1.14634,1.14622,1500000,750000
2016-05-01 22:03:48.576000,1.14631,1.14622,750000,1720000
2016-05-01 22:03:50.295000,1.14631,1.14624,750000,1500000
2016-05-01 22:03:50.345000,1.14633,1.14624,100000,1500000
2016-05-01 22:03:50.396000,1.14635,1.14624,3000000,1500000
2016-05-01 22:03:50.549000,1.14632,1.14624,750000,750000
2016-05-01 22:03:50.600000,1.14632,1.14622,1500000,750000
2016-05-01 22:03:50.954000,1.14630,1.14622,750000,750000
2016-05-01 22:03:52.153000,1.14631,1.14622,750000,750000
2016-05-01 22:03:53.287000,1.14632,1.14624,750000,750000
2016-05-01 22:03:53.401000,1.14634,1.14624,1870000,1500000
2016-05-01 22:03:53.452000,1.14636,1.14624,100000,1500000
2016-05-01 22:03:53.554000,1.14634,1.14624,190000,1500000
2016-05-01 22:03:53.887000,1.14631,1.14624,750000,1500000
2016-05-01 22:03:54.201000,1.14629,1.14624,750000,1500000
2016-05-01 22:03:54.355000,1.14634,1.14624,190000,1500000
2016-05-01 22:03:55.152000,1.14630,1.14624,750000,1500000
2016-05-01 22:03:55.466000,1.14633,1.14624,750000,1500000
2016-05-01 22:03:55.719000,1.14631,1.14624,750000,1500000
2016-05-01 22:03:55.821000,1.14633,1.14624,750000,1500000
2016-05-01 22:03:56.337000,1.14632,1.14624,750000,1500000
2016-05-01 22:03:57.211000,1.14629,1.14624,750000,1500000
2016-05-01 22:03:57.760000,1.14632,1.14624,750000,1500000
2016-05-01 22:04:01.799000,1.14632,1.14623,1100000,1690000
2016-05-01 22:04:02.306000,1.14631,1.14623,1000000,1500000
2016-05-01 22:04:06.799000,1.14632,1.14624,1250000,1000000
2016-05-01 22:04:09.510000,1.14636,1.14624,4120000,1000000
2016-05-01 22:04:10.016000,1.14636,1.14625,1690000,1500000
2016-05-01 22:04:13.276000,1.14637,1.14625,2620000,1500000
2016-05-01 22:04:13.428000,1.14639,1.14626,1690000,1500000
2016-05-01 22:04:13.933000,1.14639,1.14627,1190000,1500000
2016-05-01 22:04:14.794000,1.14635,1.14627,1000000,1500000
2016-05-01 22:04:15.338000,1.14636,1.14627,1000000,1500000
2016-05-01 22:04:15.852000,1.14635,1.14627,1000000,1500000
2016-05-01 22:04:18.239000,1.14638,1.14627,3190000,1500000
2016-05-01 22:04:18.745000,1.14638,1.14628,3190000,1500000
2016-05-01 22:04:19.752000,1.14638,1.14628,3190000,1500000
2016-05-01 22:04:20.258000,1.14638,1.14628,3190000,1500000
2016-05-01 22:04:21.207000,1.14638,1.14628,3190000,1500000
2016-05-01 22:04:21.708000,1.14638,1.14628,1190000,1500000
2016-05-01 22:04:21.811000,1.14639,1.14628,3000000,1500000
2016-05-01 22:04:21.863000,1.14639,1.14628,3190000,1500000
2016-05-01 22:04:22.408000,1.14637,1.14629,1000000,1000000
2016-05-01 22:04:22.711000,1.14637,1.14631,1000000,1500000
2016-05-01 22:04:23.212000,1.14637,1.14630,1000000,1500000
2016-05-01 22:04:23.263000,1.14639,1.14630,1250000,1500000
2016-05-01 22:04:24.060000,1.14635,1.14630,1000000,1500000
2016-05-01 22:04:26.015000,1.14634,1.14630,1000000,1500000
2016-05-01 22:04:26.536000,1.14634,1.14629,1000000,1500000
2016-05-01 22:04:28.544000,1.14635,1.14629,1000000,1500000
2016-05-01 22:04:30.021000,1.14638,1.14629,1250000,1500000
2016-05-01 22:04:30.536000,1.14637,1.14629,1000000,1500000
2016-05-01 22:04:32.373000,1.14638,1.14629,1690000,1500000
2016-05-01 22:04:34.786000,1.14634,1.14629,1500000,1500000
2016-05-01 22:04:35.761000,1.14636,1.14629,1000000,1500000
2016-05-01 22:04:36.066000,1.14639,1.14629,1190000,2250000
2016-05-01 22:04:37.828000,1.14639,1.14629,2250000,1500000
2016-05-01 22:04:37.980000,1.14639,1.14629,2810000,2250000
2016-05-01 22:04:38.182000,1.14639,1.14629,2250000,1500000
2016-05-01 22:04:38.724000,1.14639,1.14629,3190000,1500000
2016-05-01 22:04:41.166000,1.14639,1.14630,2440000,1000000
2016-05-01 22:04:41.219000,1.14639,1.14633,2440000,1000000
2016-05-01 22:04:41.522000,1.14640,1.14635,1120000,1500000
2016-05-01 22:04:41.989000,1.14640,1.14631,1120000,5620000
2016-05-01 22:04:42.504000,1.14640,1.14631,1120000,5250000
2016-05-01 22:04:46.562000,1.14638,1.14631,1000000,4500000
2016-05-01 22:04:48.719000,1.14637,1.14631,1000000,4500000
2016-05-01 22:04:48.820000,1.14637,1.14629,1500000,1000000
2016-05-01 22:04:48.921000,1.14637,1.14626,1000000,3750000
2016-05-01 22:04:49.477000,1.14638,1.14626,1500000,3750000
2016-05-01 22:04:50.058000,1.14639,1.14626,1690000,5250000
2016-05-01 22:04:50.564000,1.14638,1.14626,1500000,1500000
2016-05-01 22:04:51.170000,1.14639,1.14626,3190000,5250000
2016-05-01 22:04:52.022000,1.14640,1.14626,3820000,5250000
2016-05-01 22:04:52.531000,1.14639,1.14626,1000000,1500000
2016-05-01 22:04:53.036000,1.14640,1.14626,2510000,5250000
2016-05-01 22:04:53.390000,1.14638,1.14626,1000000,1000000
2016-05-01 22:04:53.491000,1.14640,1.14626,3260000,5250000
2016-05-01 22:04:53.896000,1.14637,1.14626,1000000,1000000
2016-05-01 22:04:53.997000,1.14639,1.14626,2440000,5250000
2016-05-01 22:04:54.496000,1.14631,1.14626,1000000,1000000
2016-05-01 22:04:54.597000,1.14637,1.14626,1000000,4500000
2016-05-01 22:04:55.105000,1.14637,1.14625,1500000,1690000
2016-05-01 22:04:55.713000,1.14634,1.14625,1000000,5440000
2016-05-01 22:04:56.354000,1.14635,1.14625,1000000,1500000
2016-05-01 22:04:56.405000,1.14637,1.14625,1570000,1500000
2016-05-01 22:04:56.911000,1.14636,1.14625,1000000,1500000
2016-05-01 22:04:59.018000,1.14637,1.14625,1100000,1500000
2016-05-01 22:04:59.556000,1.14636,1.14625,1000000,1500000
2016-05-01 22:05:01.108000,1.14637,1.14625,1570000,1500000
2016-05-01 22:05:01.159000,1.14637,1.14625,1870000,1500000
2016-05-01 22:05:02.846000,1.14636,1.14625,1120000,1500000
2016-05-01 22:05:03.352000,1.14636,1.14625,1370000,1500000
2016-05-01 22:05:05.759000,1.14636,1.14625,1000000,1500000
2016-05-01 22:05:06.265000,1.14634,1.14625,1000000,1500000
2016-05-01 22:05:06.469000,1.14636,1.14624,3000000,1500000
2016-05-01 22:05:08.579000,1.14637,1.14624,3000000,1500000
2016-05-01 22:05:09.099000,1.14636,1.14624,1000000,1500000
2016-05-01 22:05:09.565000,1.14634,1.14624,1000000,1500000
2016-05-01 22:05:10.072000,1.14633,1.14624,1000000,1500000
2016-05-01 22:05:10.577000,1.14634,1.14624,1500000,1500000
2016-05-01 22:05:11.187000,1.14632,1.14624,1000000,1500000
2016-05-01 22:05:11.389000,1.14635,1.14624,1870000,1500000
2016-05-01 22:05:11.491000,1.14631,1.14624,1000000,1500000
2016-05-01 22:05:12.097000,1.14633,1.14624,1000000,1000000
2016-05-01 22:05:12.300000,1.14635,1.14624,4870000,1000000
2016-05-01 22:05:12.404000,1.14632,1.14624,1000000,1000000
2016-05-01 22:05:12.568000,1.14634,1.14624,1000000,1000000
2016-05-01 22:05:13.079000,1.14635,1.14624,1870000,1000000
2016-05-01 22:05:13.585000,1.14636,1.14625,2060000,1500000
2016-05-01 22:05:14.237000,1.14631,1.14625,1000000,1500000
2016-05-01 22:05:14.591000,1.14627,1.14624,1500000,2250000
2016-05-01 22:05:14.794000,1.14628,1.14625,1000000,2440000
2016-05-01 22:05:14.895000,1.14628,1.14625,1000000,2250000
2016-05-01 22:05:15.454000,1.14627,1.14624,1000000,1000000
2016-05-01 22:05:15.709000,1.14630,1.14624,1500000,1000000
2016-05-01 22:05:15.811000,1.14626,1.14624,1000000,1000000
2016-05-01 22:05:16.816000,1.14633,1.14624,1000000,1000000
2016-05-01 22:05:17.202000,1.14636,1.14624,1190000,2440000
2016-05-01 22:05:17.716000,1.14636,1.14624,1000000,6750000
2016-05-01 22:05:18.560000,1.14637,1.14624,2440000,2250000
2016-05-01 22:05:18.965000,1.14636,1.14626,1000000,2250000
2016-05-01 22:05:19.015000,1.14641,1.14627,2510000,1000000
2016-05-01 22:05:19.066000,1.14640,1.14629,1070000,1500000
2016-05-01 22:05:19.725000,1.14636,1.14629,1000000,1500000
2016-05-01 22:05:20.191000,1.14638,1.14629,1000000,1500000
2016-05-01 22:05:21.799000,1.14637,1.14629,1000000,1500000
2016-05-01 22:05:22.322000,1.14636,1.14629,1000000,1500000
2016-05-01 22:05:23.153000,1.14637,1.14629,1000000,1500000
2016-05-01 22:05:24.448000,1.14638,1.14629,1250000,1500000
2016-05-01 22:05:25.001000,1.14637,1.14629,1000000,1500000
2016-05-01 22:05:26.255000,1.14638,1.14629,1250000,1500000
2016-05-01 22:05:27.214000,1.14640,1.14629,6190000,1500000
2016-05-01 22:05:27.648000,1.14640,1.14629,8360000,1000000
2016-05-01 22:05:27.699000,1.14636,1.14626,1000000,1500000
2016-05-01 22:05:28.248000,1.14636,1.14625,1000000,6560000
2016-05-01 22:05:28.882000,1.14639,1.14625,3190000,5810000
2016-05-01 22:05:29.402000,1.14636,1.14625,1000000,6560000
2016-05-01 22:05:30.806000,1.14639,1.14625,1000000,6370000
2016-05-01 22:05:32.325000,1.14639,1.14626,1000000,1000000
2016-05-01 22:05:32.860000,1.14641,1.14627,1000000,2250000
2016-05-01 22:05:33.315000,1.14638,1.14627,1000000,1500000
2016-05-01 22:05:33.416000,1.14640,1.14627,4500000,1500000
2016-05-01 22:05:36.018000,1.14640,1.14627,3940000,1690000
2016-05-01 22:05:36.322000,1.14640,1.14632,1000000,1000000
2016-05-01 22:05:46.217000,1.14639,1.14632,1000000,1690000
2016-05-01 22:05:46.722000,1.14640,1.14632,2170000,1000000
2016-05-01 22:05:49.061000,1.14640,1.14632,2250000,1000000
2016-05-01 22:05:49.487000,1.14640,1.14632,2510000,1000000
2016-05-01 22:05:49.599000,1.14633,1.14632,1000000,1000000
2016-05-01 22:05:50.005000,1.14638,1.14632,1000000,1000000
2016-05-01 22:05:50.551000,1.14639,1.14632,1000000,1000000
2016-05-01 22:05:52.818000,1.14640,1.14632,2890000,1000000
2016-05-01 22:05:53.357000,1.14639,1.14632,1000000,1000000
2016-05-01 22:05:55.122000,1.14640,1.14632,2510000,1000000
2016-05-01 22:05:55.925000,1.14639,1.14632,1000000,1000000
2016-05-01 22:05:56.529000,1.14638,1.14632,1000000,1000000
2016-05-01 22:05:57.221000,1.14639,1.14632,1000000,1000000
2016-05-01 22:05:57.731000,1.14638,1.14632,1000000,1000000
2016-05-01 22:05:59.241000,1.14640,1.14632,2250000,1000000
2016-05-01 22:05:59.649000,1.14638,1.14632,1000000,1000000
2016-05-01 22:06:00.187000,1.14639,1.14632,1000000,1000000
2016-05-01 22:06:00.710000,1.14638,1.14632,1000000,1000000
2016-05-01 22:06:01.276000,1.14639,1.14632,1000000,1000000
2016-05-01 22:06:01.781000,1.14638,1.14632,1000000,1000000
2016-05-01 22:06:02.118000,1.14637,1.14632,1500000,1000000
2016-05-01 22:06:06.318000,1.14637,1.14632,1500000,1000000
2016-05-01 22:06:06.420000,1.14639,1.14632,1000000,1000000
2016-05-01 22:06:07.986000,1.14640,1.14632,3000000,1000000
2016-05-01 22:06:08.512000,1.14639,1.14632,1000000,1000000
2016-05-01 22:06:13.775000,1.14638,1.14632,1000000,1000000
2016-05-01 22:06:13.877000,1.14637,1.14632,1500000,1000000
2016-05-01 22:06:25.620000,1.14639,1.14633,1750000,1000000
2016-05-01 22:06:25.722000,1.14643,1.14633,1500000,4690000
2016-05-01 22:06:25.875000,1.14644,1.14635,1730000,1120000
2016-05-01 22:06:25.926000,1.14640,1.14633,1000000,1870000
2016-05-01 22:06:25.977000,1.14640,1.14633,1000000,1000000
2016-05-01 22:06:26.555000,1.14639,1.14632,1000000,1000000
2016-05-01 22:06:26.606000,1.14641,1.14632,1250000,1500000
2016-05-01 22:06:26.910000,1.14639,1.14632,1500000,1500000
2016-05-01 22:06:27.432000,1.14638,1.14632,1000000,1000000
2016-05-01 22:06:27.483000,1.14640,1.14632,1870000,1000000
2016-05-01 22:06:28.204000,1.14639,1.14632,1000000,1000000
2016-05-01 22:06:29.494000,1.14638,1.14632,1000000,1000000
2016-05-01 22:06:30.197000,1.14639,1.14632,1000000,1000000
2016-05-01 22:06:31.884000,1.14638,1.14629,1000000,1000000
2016-05-01 22:06:31.935000,1.14636,1.14626,1000000,7310000
2016-05-01 22:06:31.986000,1.14636,1.14628,1000000,1000000
2016-05-01 22:06:32.037000,1.14638,1.14628,1000000,1500000
2016-05-01 22:06:32.189000,1.14640,1.14631,5250000,1000000
2016-05-01 22:06:32.712000,1.14639,1.14631,1000000,1000000
2016-05-01 22:06:33.219000,1.14640,1.14631,3370000,1000000
2016-05-01 22:06:39.695000,1.14641,1.14631,1690000,1000000
2016-05-01 22:06:40.454000,1.14640,1.14631,1000000,1000000
2016-05-01 22:06:40.960000,1.14642,1.14632,1310000,1000000
2016-05-01 22:06:41.659000,1.14641,1.14631,1250000,1500000
2016-05-01 22:06:42.165000,1.14641,1.14631,1620000,1500000
2016-05-01 22:06:43.632000,1.14641,1.14631,3370000,1500000
2016-05-01 22:06:44.179000,1.14641,1.14631,3370000,1500000
2016-05-01 22:06:44.694000,1.14639,1.14631,1000000,1000000
2016-05-01 22:06:48.856000,1.14641,1.14631,5060000,1500000
2016-05-01 22:06:49.562000,1.14640,1.14632,1000000,1000000
2016-05-01 22:06:50.421000,1.14641,1.14632,4690000,1000000
2016-05-01 22:06:50.877000,1.14636,1.14631,1000000,1000000
2016-05-01 22:06:50.979000,1.14638,1.14631,1000000,1000000
2016-05-01 22:06:51.030000,1.14638,1.14633,1000000,1190000
2016-05-01 22:06:51.132000,1.14640,1.14635,1050000,1250000
2016-05-01 22:06:51.335000,1.14640,1.14631,1050000,1120000
2016-05-01 22:06:51.995000,1.14640,1.14631,1050000,1000000
2016-05-01 22:06:52.504000,1.14640,1.14632,1800000,1000000
2016-05-01 22:06:53.073000,1.14640,1.14633,1120000,1000000
2016-05-01 22:06:53.591000,1.14640,1.14634,1120000,1000000
2016-05-01 22:06:55.973000,1.14639,1.14633,1000000,1000000
2016-05-01 22:06:56.406000,1.14639,1.14635,1000000,1000000
2016-05-01 22:06:56.457000,1.14640,1.14633,1500000,1000000
2016-05-01 22:06:57.672000,1.14640,1.14634,1500000,1000000
2016-05-01 22:06:58.161000,1.14640,1.14636,1800000,1000000
2016-05-01 22:06:58.567000,1.14638,1.14637,1000000,1000000
2016-05-01 22:06:58.921000,1.14640,1.14638,1870000,1000000
2016-05-01 22:06:59.073000,1.14640,1.14637,1870000,1000000
2016-05-01 22:06:59.166000,1.14640,1.14636,2250000,1000000
2016-05-01 22:06:59.268000,1.14640,1.14637,1870000,1000000
2016-05-01 22:06:59.420000,1.14640,1.14638,1870000,1000000
2016-05-01 22:06:59.775000,1.14639,1.14636,1500000,1000000
2016-05-01 22:06:59.826000,1.14639,1.14634,1500000,1000000
2016-05-01 22:07:00.603000,1.14640,1.14635,2250000,1000000
2016-05-01 22:07:00.705000,1.14638,1.14632,1620000,1500000
2016-05-01 22:07:00.806000,1.14639,1.14634,1500000,1250000
2016-05-01 22:07:01.112000,1.14642,1.14636,1500000,1000000
2016-05-01 22:07:01.618000,1.14642,1.14637,1500000,1000000
2016-05-01 22:07:01.841000,1.14642,1.14637,1000000,1000000
2016-05-01 22:07:02.347000,1.14642,1.14637,1370000,1000000
2016-05-01 22:07:03.384000,1.14642,1.14637,1000000,2250000
2016-05-01 22:07:04.294000,1.14642,1.14638,1000000,1000000
2016-05-01 22:07:04.346000,1.14642,1.14639,1000000,1190000
2016-05-01 22:07:04.397000,1.14648,1.14639,1670000,1690000
2016-05-01 22:07:04.600000,1.14645,1.14637,1560000,1000000
2016-05-01 22:07:04.703000,1.14644,1.14637,1320000,1000000
2016-05-01 22:07:05.210000,1.14644,1.14637,1690000,1000000
2016-05-01 22:07:05.615000,1.14646,1.14637,3190000,1560000
2016-05-01 22:07:05.920000,1.14650,1.14643,1310000,1330000
2016-05-01 22:07:06.107000,1.14647,1.14639,1000000,3940000
2016-05-01 22:07:08.291000,1.14645,1.14639,1000000,1690000
2016-05-01 22:07:09.994000,1.14646,1.14637,1620000,1690000
2016-05-01 22:07:10.045000,1.14645,1.14637,2440000,1000000
2016-05-01 22:07:10.681000,1.14644,1.14637,1310000,1000000
2016-05-01 22:07:11.390000,1.14644,1.14637,1120000,1690000
2016-05-01 22:07:11.606000,1.14645,1.14637,3940000,1000000
2016-05-01 22:07:12.277000,1.14645,1.14637,1870000,1250000
2016-05-01 22:07:12.807000,1.14645,1.14637,2810000,1000000
2016-05-01 22:07:13.237000,1.14645,1.14639,1370000,1000000
2016-05-01 22:07:14.812000,1.14644,1.14638,1120000,1250000
2016-05-01 22:07:15.216000,1.14644,1.14638,1120000,1690000
2016-05-01 22:07:15.458000,1.14644,1.14638,1870000,1250000
2016-05-01 22:07:15.611000,1.14642,1.14639,1000000,1000000
2016-05-01 22:07:15.713000,1.14647,1.14641,1250000,1000000
2016-05-01 22:07:16.219000,1.14646,1.14639,1000000,3190000
2016-05-01 22:07:18.413000,1.14648,1.14639,1190000,1690000
2016-05-01 22:07:26.673000,1.14649,1.14643,1690000,1000000
2016-05-01 22:07:27.990000,1.14649,1.14645,1690000,1000000
2016-05-01 22:07:28.496000,1.14648,1.14645,1190000,1000000
2016-05-01 22:07:29.651000,1.14648,1.14645,1190000,1000000
2016-05-01 22:07:30.158000,1.14648,1.14644,1190000,1000000
2016-05-01 22:07:31.673000,1.14648,1.14643,1190000,1000000
2016-05-01 22:07:32.209000,1.14648,1.14644,1190000,1000000
2016-05-01 22:07:32.714000,1.14648,1.14643,1190000,1000000
2016-05-01 22:07:34.298000,1.14648,1.14644,1190000,1000000
2016-05-01 22:07:34.804000,1.14648,1.14643,1190000,1000000
2016-05-01 22:07:35.998000,1.14648,1.14642,1190000,1500000
2016-05-01 22:07:36.509000,1.14648,1.14643,1190000,1000000
2016-05-01 22:07:37.057000,1.14648,1.14644,1190000,1000000
2016-05-01 22:07:38.681000,1.14648,1.14643,1190000,1500000
2016-05-01 22:07:40.665000,1.14648,1.14644,1190000,1000000
2016-05-01 22:07:41.393000,1.14648,1.14641,1190000,1000000
2016-05-01 22:07:42.272000,1.14648,1.14640,1190000,1250000
2016-05-01 22:07:43.020000,1.14648,1.14641,1190000,1000000
2016-05-01 22:07:43.593000,1.14648,1.14640,1190000,2440000
2016-05-01 22:07:44.023000,1.14648,1.14642,1190000,1000000
2016-05-01 22:07:44.596000,1.14648,1.14643,1190000,1000000
2016-05-01 22:07:45.599000,1.14648,1.14642,1190000,1000000
2016-05-01 22:07:46.110000,1.14648,1.14643,1190000,1000000
2016-05-01 22:07:47.651000,1.14648,1.14642,1190000,1000000
2016-05-01 22:07:48.191000,1.14648,1.14643,1190000,1000000
2016-05-01 22:07:49.312000,1.14648,1.14642,1190000,1000000
2016-05-01 22:07:50.161000,1.14648,1.14644,1190000,1500000
2016-05-01 22:07:50.313000,1.14654,1.14647,1410000,5250000
2016-05-01 22:07:50.365000,1.14655,1.14649,1510000,1500000
2016-05-01 22:07:50.416000,1.14656,1.14649,1260000,3750000
2016-05-01 22:07:50.467000,1.14656,1.14651,1190000,1500000
2016-05-01 22:07:50.518000,1.14659,1.14652,2060000,1690000
2016-05-01 22:07:50.873000,1.14662,1.14656,1670000,1190000
2016-05-01 22:07:52.918000,1.14659,1.14656,1500000,1190000
2016-05-01 22:07:53.222000,1.14659,1.14656,1470000,1250000
2016-05-01 22:07:53.551000,1.14659,1.14654,1820000,1690000
2016-05-01 22:07:54.252000,1.14660,1.14655,2320000,1250000
2016-05-01 22:07:54.774000,1.14660,1.14654,4200000,1690000
2016-05-01 22:07:54.876000,1.14660,1.14657,1870000,1250000
2016-05-01 22:07:54.927000,1.14660,1.14657,1500000,1250000
2016-05-01 22:08:00.955000,1.14660,1.14656,1750000,1250000
2016-05-01 22:08:01.438000,1.14660,1.14657,2250000,1250000
2016-05-01 22:08:01.641000,1.14664,1.14657,1000000,1250000
2016-05-01 22:08:01.692000,1.14662,1.14657,1000000,1690000
2016-05-01 22:08:01.995000,1.14665,1.14659,1120000,1000000
2016-05-01 22:08:02.291000,1.14664,1.14659,1370000,1000000
2016-05-01 22:08:02.803000,1.14664,1.14658,1370000,1000000
2016-05-01 22:08:03.411000,1.14664,1.14658,1750000,1000000
2016-05-01 22:08:03.919000,1.14663,1.14658,1750000,1000000
2016-05-01 22:08:04.457000,1.14664,1.14659,3370000,1000000
2016-05-01 22:08:05.261000,1.14662,1.14658,1370000,1000000
2016-05-01 22:08:05.909000,1.14662,1.14658,1370000,1000000
2016-05-01 22:08:06.366000,1.14662,1.14657,1370000,1000000
2016-05-01 22:08:06.467000,1.14662,1.14658,1370000,1000000
2016-05-01 22:08:06.569000,1.14662,1.14657,1370000,1000000
2016-05-01 22:08:06.722000,1.14662,1.14659,1370000,1000000
2016-05-01 22:08:07.265000,1.14662,1.14657,6750000,1000000
2016-05-01 22:08:07.772000,1.14664,1.14658,2250000,1000000
2016-05-01 22:08:08.316000,1.14663,1.14658,1370000,1000000
2016-05-01 22:08:08.764000,1.14663,1.14659,1870000,1000000
2016-05-01 22:08:09.270000,1.14663,1.14659,1870000,1000000
2016-05-01 22:08:10.307000,1.14663,1.14659,3750000,1000000
2016-05-01 22:08:10.885000,1.14663,1.14659,3750000,1000000
2016-05-01 22:08:11.466000,1.14663,1.14659,4500000,1000000
2016-05-01 22:08:11.979000,1.14663,1.14658,1370000,1000000
2016-05-01 22:08:12.081000,1.14662,1.14656,1370000,1000000
2016-05-01 22:08:12.384000,1.14662,1.14659,1370000,1000000
2016-05-01 22:08:13.061000,1.14662,1.14658,4120000,1250000
2016-05-01 22:08:13.581000,1.14662,1.14659,6750000,1000000
2016-05-01 22:08:14.733000,1.14662,1.14659,6750000,1000000
2016-05-01 22:08:15.337000,1.14662,1.14659,6750000,1000000
2016-05-01 22:08:16.178000,1.14662,1.14657,5550000,1000000
2016-05-01 22:08:17.470000,1.14662,1.14659,1370000,1000000
2016-05-01 22:08:18.136000,1.14662,1.14656,1370000,1500000
2016-05-01 22:08:18.238000,1.14662,1.14658,1370000,1000000
2016-05-01 22:08:19.129000,1.14662,1.14658,1370000,1000000
2016-05-01 22:08:19.743000,1.14662,1.14659,1370000,1000000
2016-05-01 22:08:20.250000,1.14660,1.14658,1200000,1000000
2016-05-01 22:08:23.613000,1.14660,1.14657,1200000,1190000
2016-05-01 22:08:24.240000,1.14660,1.14657,1000000,1000000
2016-05-01 22:08:24.749000,1.14660,1.14656,1000000,1000000
2016-05-01 22:08:25.156000,1.14660,1.14654,1000000,1250000
2016-05-01 22:08:25.692000,1.14661,1.14654,1000000,1760000
2016-05-01 22:08:25.744000,1.14660,1.14655,1000000,1260000
2016-05-01 22:08:26.961000,1.14661,1.14655,1000000,1190000
2016-05-01 22:08:27.480000,1.14660,1.14655,1000000,1190000
2016-05-01 22:08:30.869000,1.14661,1.14655,1000000,1190000
2016-05-01 22:08:31.371000,1.14660,1.14655,1000000,1190000
2016-05-01 22:08:32.023000,1.14659,1.14654,1000000,1190000
2016-05-01 22:08:32.732000,1.14660,1.14655,2250000,1190000
2016-05-01 22:08:33.005000,1.14659,1.14652,1000000,1690000
2016-05-01 22:08:34.329000,1.14660,1.14652,3450000,1690000
2016-05-01 22:08:34.493000,1.14660,1.14655,1950000,1190000
2016-05-01 22:08:35.399000,1.14660,1.14652,1950000,1690000
2016-05-01 22:08:35.754000,1.14658,1.14652,1000000,1250000
2016-05-01 22:08:36.286000,1.14659,1.14652,1000000,1250000
2016-05-01 22:08:38.070000,1.14658,1.14652,1000000,1000000
2016-05-01 22:08:38.171000,1.14660,1.14652,5250000,1000000
2016-05-01 22:08:38.679000,1.14659,1.14652,1000000,1000000
2016-05-01 22:08:39.270000,1.14660,1.14652,5250000,1500000
2016-05-01 22:08:39.791000,1.14659,1.14652,1000000,1000000
2016-05-01 22:08:40.458000,1.14660,1.14652,5250000,1000000
2016-05-01 22:08:40.993000,1.14659,1.14652,1000000,1000000
2016-05-01 22:08:44.357000,1.14660,1.14652,3750000,1000000
2016-05-01 22:08:44.560000,1.14658,1.14652,1000000,1000000
2016-05-01 22:08:44.662000,1.14660,1.14652,2250000,1000000
2016-05-01 22:08:44.865000,1.14658,1.14652,1000000,1500000
2016-05-01 22:08:45.386000,1.14659,1.14652,1000000,1500000
2016-05-01 22:08:45.690000,1.14657,1.14652,1000000,1000000
2016-05-01 22:08:47.206000,1.14657,1.14653,1000000,1000000
2016-05-01 22:08:47.740000,1.14659,1.14652,1190000,1000000
2016-05-01 22:08:49.011000,1.14657,1.14652,1000000,1000000
2016-05-01 22:08:49.517000,1.14660,1.14652,4990000,1000000
2016-05-01 22:08:59.385000,1.14657,1.14652,1000000,1000000
2016-05-01 22:09:00.023000,1.14656,1.14652,1000000,1000000
2016-05-01 22:09:01.039000,1.14658,1.14652,1690000,1000000
2016-05-01 22:09:03.598000,1.14657,1.14652,1000000,1000000
2016-05-01 22:09:04.104000,1.14658,1.14652,1250000,1000000
2016-05-01 22:09:05.087000,1.14658,1.14652,1620000,1000000
2016-05-01 22:09:07.466000,1.14657,1.14649,1000000,1290000
2016-05-01 22:09:07.719000,1.14659,1.14649,3000000,2510000
2016-05-01 22:09:08.023000,1.14657,1.14649,1000000,1760000
2016-05-01 22:09:08.327000,1.14656,1.14649,1370000,1000000
2016-05-01 22:09:08.878000,1.14655,1.14649,1000000,1190000
2016-05-01 22:09:09.626000,1.14655,1.14650,1000000,1190000
2016-05-01 22:09:09.830000,1.14655,1.14649,1000000,1690000
2016-05-01 22:09:11.147000,1.14657,1.14650,1950000,1190000
2016-05-01 22:09:11.198000,1.14657,1.14650,1000000,2060000
2016-05-01 22:09:11.350000,1.14660,1.14652,1120000,1000000
2016-05-01 22:09:12.644000,1.14659,1.14652,1000000,1000000
2016-05-01 22:09:13.150000,1.14660,1.14652,4120000,1000000
2016-05-01 22:09:17.616000,1.14660,1.14652,2620000,1000000
2016-05-01 22:09:17.922000,1.14660,1.14653,2620000,1000000
2016-05-01 22:09:18.023000,1.14660,1.14653,3370000,1000000
2016-05-01 22:09:18.557000,1.14660,1.14652,3560000,1250000
2016-05-01 22:09:20.467000,1.14659,1.14653,1620000,1000000
2016-05-01 22:09:20.784000,1.14659,1.14653,2000000,1000000
2016-05-01 22:09:21.672000,1.14659,1.14652,2000000,1250000
2016-05-01 22:09:22.177000,1.14660,1.14652,3560000,1250000
2016-05-01 22:09:22.279000,1.14659,1.14653,2000000,1000000
2016-05-01 22:09:22.663000,1.14660,1.14652,2810000,1690000
2016-05-01 22:09:23.258000,1.14655,1.14652,1000000,1690000
2016-05-01 22:09:23.776000,1.14656,1.14652,1000000,1690000
2016-05-01 22:09:24.281000,1.14655,1.14652,1000000,1690000
2016-05-01 22:09:25.080000,1.14656,1.14652,1000000,1690000
2016-05-01 22:09:25.585000,1.14655,1.14652,1000000,1690000
2016-05-01 22:09:26.091000,1.14655,1.14653,1000000,1000000
2016-05-01 22:09:28.150000,1.14656,1.14653,1000000,1000000
2016-05-01 22:09:28.454000,1.14653,1.14652,3660000,1100000
2016-05-01 22:09:30.357000,1.14653,1.14652,1000000,1000000
2016-05-01 22:09:30.408000,1.14658,1.14652,1370000,1000000
2016-05-01 22:09:31.901000,1.14654,1.14652,1000000,1000000
2016-05-01 22:09:32.306000,1.14656,1.14652,1120000,1000000
2016-05-01 22:09:32.711000,1.14653,1.14652,1500000,1000000
2016-05-01 22:09:32.891000,1.14653,1.14651,1000000,1100000
2016-05-01 22:09:32.992000,1.14656,1.14652,1370000,1000000
2016-05-01 22:09:33.499000,1.14655,1.14652,2120000,1100000
2016-05-01 22:09:33.702000,1.14658,1.14652,8250000,1000000
2016-05-01 22:09:34.291000,1.14657,1.14652,1370000,1000000
2016-05-01 22:09:34.818000,1.14654,1.14652,1000000,1100000
2016-05-01 22:09:35.327000,1.14655,1.14652,1120000,1100000
2016-05-01 22:09:36.844000,1.14656,1.14652,1120000,1100000
2016-05-01 22:09:37.098000,1.14658,1.14652,1000000,1000000
2016-05-01 22:09:37.687000,1.14659,1.14652,2440000,1000000
2016-05-01 22:09:37.757000,1.14659,1.14652,1690000,1250000
2016-05-01 22:09:38.264000,1.14658,1.14652,1000000,1250000
2016-05-01 22:09:38.770000,1.14659,1.14652,1370000,1000000
2016-05-01 22:09:39.288000,1.14656,1.14652,1000000,1000000
2016-05-01 22:09:40.370000,1.14658,1.14649,3560000,1760000
2016-05-01 22:09:40.422000,1.14654,1.14649,1000000,1760000
2016-05-01 22:09:40.524000,1.14652,1.14645,3000000,1570000
2016-05-01 22:09:40.575000,1.14650,1.14645,2250000,1500000
2016-05-01 22:09:40.915000,1.14648,1.14644,1000000,1000000
2016-05-01 22:09:41.067000,1.14650,1.14645,3000000,1000000
2016-05-01 22:09:41.169000,1.14651,1.14646,2250000,1190000
2016-05-01 22:09:41.372000,1.14653,1.14644,2250000,2510000
2016-05-01 22:09:41.423000,1.14653,1.14646,1000000,1190000
2016-05-01 22:09:41.625000,1.14653,1.14644,1000000,1570000
2016-05-01 22:09:42.338000,1.14653,1.14645,2250000,1570000
2016-05-01 22:09:42.844000,1.14653,1.14645,1000000,1000000
2016-05-01 22:09:43.350000,1.14653,1.14646,1200000,1000000
2016-05-01 22:09:43.409000,1.14654,1.14646,3000000,1190000
2016-05-01 22:09:43.814000,1.14654,1.14646,3000000,1000000
2016-05-01 22:09:44.347000,1.14653,1.14645,3150000,1100000
2016-05-01 22:09:45.207000,1.14650,1.14645,1000000,1100000
2016-05-01 22:09:45.409000,1.14653,1.14645,3750000,1100000
2016-05-01 22:09:45.921000,1.14653,1.14646,1000000,1000000
2016-05-01 22:09:46.433000,1.14653,1.14645,1000000,1100000
2016-05-01 22:09:46.963000,1.14654,1.14645,1690000,1100000
2016-05-01 22:09:47.472000,1.14654,1.14646,1690000,1000000
2016-05-01 22:09:50.768000,1.14653,1.14646,1000000,1000000
2016-05-01 22:09:51.273000,1.14654,1.14646,1000000,1000000
2016-05-01 22:09:51.814000,1.14655,1.14647,3370000,1000000
2016-05-01 22:09:55.088000,1.14655,1.14648,4120000,1000000
2016-05-01 22:09:55.190000,1.14657,1.14648,3000000,1000000
2016-05-01 22:09:55.707000,1.14657,1.14649,1500000,1500000
2016-05-01 22:09:57.268000,1.14658,1.14649,1000000,1500000
2016-05-01 22:09:58.466000,1.14656,1.14650,1000000,1500000
2016-05-01 22:09:58.972000,1.14656,1.14649,1000000,2250000
2016-05-01 22:09:59.177000,1.14658,1.14650,1500000,1500000
2016-05-01 22:10:00.875000,1.14658,1.14649,1000000,1000000
2016-05-01 22:10:00.926000,1.14655,1.14648,1000000,2440000
2016-05-01 22:10:01.054000,1.14655,1.14646,1500000,3190000
2016-05-01 22:10:04.810000,1.14653,1.14646,1000000,1690000
2016-05-01 22:10:04.911000,1.14655,1.14646,1500000,1690000
2016-05-01 22:10:06.057000,1.14654,1.14646,1000000,1500000
2016-05-01 22:10:06.563000,1.14653,1.14646,1000000,1690000
2016-05-01 22:10:07.501000,1.14654,1.14646,1500000,1500000
2016-05-01 22:10:07.814000,1.14654,1.14644,2250000,2510000
2016-05-01 22:10:07.916000,1.14652,1.14644,1000000,1010000
2016-05-01 22:10:08.018000,1.14654,1.14644,1000000,1010000
2016-05-01 22:10:08.120000,1.14654,1.14644,1000000,1290000
2016-05-01 22:10:10.107000,1.14653,1.14644,1000000,2510000
2016-05-01 22:10:10.810000,1.14652,1.14643,1500000,2510000
2016-05-01 22:10:11.316000,1.14652,1.14643,1000000,2510000
2016-05-01 22:10:11.958000,1.14652,1.14645,1000000,1000000
2016-05-01 22:10:12.009000,1.14654,1.14645,1000000,1500000
2016-05-01 22:10:12.559000,1.14654,1.14645,1000000,1690000
2016-05-01 22:10:13.365000,1.14655,1.14645,1500000,1690000
2016-05-01 22:10:14.301000,1.14653,1.14645,1000000,1690000
2016-05-01 22:10:14.402000,1.14652,1.14643,1500000,1760000
2016-05-01 22:10:14.454000,1.14650,1.14643,1000000,1320000
2016-05-01 22:10:14.970000,1.14652,1.14643,2620000,3190000
2016-05-01 22:10:15.531000,1.14652,1.14644,2620000,1000000
2016-05-01 22:10:15.582000,1.14652,1.14644,1500000,1000000
2016-05-01 22:10:15.684000,1.14655,1.14646,1120000,1000000
2016-05-01 22:10:19.881000,1.14654,1.14646,1000000,1250000
2016-05-01 22:10:20.033000,1.14651,1.14643,1500000,2320000
2016-05-01 22:10:20.084000,1.14651,1.14643,1500000,1500000
2016-05-01 22:10:20.135000,1.14649,1.14642,1000000,2510000
2016-05-01 22:10:20.461000,1.14643,1.14641,1000000,1000000
2016-05-01 22:10:20.613000,1.14642,1.14637,1000000,1000000
2016-05-01 22:10:20.715000,1.14639,1.14637,1000000,1000000
2016-05-01 22:10:20.766000,1.14639,1.14630,1000000,2510000
2016-05-01 22:10:20.817000,1.14639,1.14634,1000000,1190000
2016-05-01 22:10:21.020000,1.14639,1.14629,1000000,2620000
2016-05-01 22:10:21.279000,1.14640,1.14632,1500000,2440000
2016-05-01 22:10:21.330000,1.14642,1.14632,1500000,2510000
2016-05-01 22:10:21.436000,1.14642,1.14634,1500000,1190000
2016-05-01 22:10:21.740000,1.14642,1.14637,1500000,1190000
2016-05-01 22:10:21.892000,1.14642,1.14633,1500000,1100000
2016-05-01 22:10:22.602000,1.14642,1.14638,1000000,1500000
2016-05-01 22:10:22.772000,1.14644,1.14639,1000000,1500000
2016-05-01 22:10:22.823000,1.14649,1.14640,1000000,1000000
2016-05-01 22:10:23.331000,1.14649,1.14640,1150000,2250000
2016-05-01 22:10:29.004000,1.14649,1.14640,1500000,1500000
2016-05-01 22:10:29.999000,1.14648,1.14640,1000000,1500000
2016-05-01 22:10:30.050000,1.14646,1.14640,1000000,1500000
2016-05-01 22:10:30.203000,1.14644,1.14635,1500000,3070000
2016-05-01 22:10:35.397000,1.14645,1.14642,1500000,1500000
2016-05-01 22:10:35.499000,1.14648,1.14644,1000000,1000000
2016-05-01 22:10:35.551000,1.14651,1.14648,1070000,1000000
2016-05-01 22:10:35.755000,1.14654,1.14648,1500000,1000000
2016-05-01 22:10:35.806000,1.14654,1.14644,1500000,1000000
2016-05-01 22:10:36.323000,1.14654,1.14645,1500000,1500000
2016-05-01 22:10:36.940000,1.14654,1.14644,1500000,1000000
2016-05-01 22:10:40.298000,1.14654,1.14643,1000000,5250000
2016-05-01 22:10:43.136000,1.14653,1.14643,1000000,5250000
2016-05-01 22:10:46.510000,1.14652,1.14643,1000000,2250000
2016-05-01 22:10:47.016000,1.14653,1.14643,1000000,2250000
2016-05-01 22:10:50.728000,1.14650,1.14643,1000000,4500000
2016-05-01 22:10:51.003000,1.14645,1.14637,3370000,1500000
2016-05-01 22:10:51.054000,1.14645,1.14634,3370000,2320000
2016-05-01 22:10:51.358000,1.14643,1.14635,1000000,1000000
2016-05-01 22:10:51.662000,1.14640,1.14634,2250000,1000000
2016-05-01 22:10:51.992000,1.14636,1.14634,1000000,1000000
2016-05-01 22:10:52.043000,1.14640,1.14634,1500000,1000000
2016-05-01 22:10:52.855000,1.14640,1.14636,1500000,1000000
2016-05-01 22:10:52.956000,1.14645,1.14635,2250000,1000000
2016-05-01 22:10:53.108000,1.14646,1.14638,1000000,1000000
2016-05-01 22:10:53.630000,1.14648,1.14638,1000000,3000000
2016-05-01 22:10:53.833000,1.14648,1.14640,1000000,1500000
2016-05-01 22:10:54.339000,1.14648,1.14639,1000000,1500000
2016-05-01 22:10:54.844000,1.14649,1.14639,1000000,2250000
2016-05-01 22:10:55.731000,1.14648,1.14640,1000000,1000000
2016-05-01 22:10:57.120000,1.14649,1.14641,1000000,1000000
2016-05-01 22:10:58.210000,1.14645,1.14641,1000000,1000000
2016-05-01 22:10:58.522000,1.14645,1.14638,2250000,1000000
2016-05-01 22:10:58.977000,1.14645,1.14641,2250000,1000000
2016-05-01 22:10:59.180000,1.14646,1.14645,1000000,2250000
2016-05-01 22:11:00.763000,1.14645,1.14642,2250000,1000000
2016-05-01 22:11:01.272000,1.14644,1.14641,1000000,1000000
2016-05-01 22:11:01.601000,1.14644,1.14637,1000000,1190000
2016-05-01 22:11:03.395000,1.14644,1.14641,1000000,1000000
2016-05-01 22:11:03.497000,1.14650,1.14647,1000000,1000000
2016-05-01 22:11:03.598000,1.14653,1.14647,1000000,1000000
2016-05-01 22:11:03.649000,1.14650,1.14645,1000000,1500000
2016-05-01 22:11:04.156000,1.14651,1.14645,1000000,1500000
2016-05-01 22:11:04.671000,1.14652,1.14645,1000000,1500000
2016-05-01 22:11:05.203000,1.14651,1.14645,1000000,1500000
2016-05-01 22:11:05.710000,1.14650,1.14645,1000000,1000000
2016-05-01 22:11:05.761000,1.14652,1.14645,1000000,1000000
2016-05-01 22:11:05.964000,1.14650,1.14645,1000000,1000000
2016-05-01 22:11:06.153000,1.14650,1.14642,1000000,1000000
2016-05-01 22:11:06.660000,1.14649,1.14642,1000000,1500000
2016-05-01 22:11:07.187000,1.14650,1.14642,3750000,1500000
2016-05-01 22:11:07.764000,1.14649,1.14642,1000000,1500000
2016-05-01 22:11:08.473000,1.14650,1.14642,3370000,1000000
2016-05-01 22:11:09.477000,1.14649,1.14642,1000000,1500000
