time,ask,bid,ask_volume,bid_volume
2016-07-04 00:00:01.207000,1.11279,1.11273,1570000,1000000
2016-07-04 00:00:01.309000,1.11277,1.11270,1870000,3070000
2016-07-04 00:00:01.543000,1.11276,1.11270,1370000,1570000
2016-07-04 00:00:01.734000,1.11275,1.11268,1500000,1100000
2016-07-04 00:00:02.243000,1.11275,1.11268,1870000,1100000
2016-07-04 00:00:03.798000,1.11275,1.11269,1500000,1000000
2016-07-04 00:00:04.305000,1.11275,1.11271,1500000,1000000
2016-07-04 00:00:04.610000,1.11275,1.11269,1000000,1000000
2016-07-04 00:00:04.977000,1.11275,1.11269,8320000,1000000
2016-07-04 00:00:05.599000,1.11275,1.11271,8620000,1000000
2016-07-04 00:00:05.783000,1.11275,1.11271,6000000,1100000
2016-07-04 00:00:06.124000,1.11278,1.11274,1370000,1120000
2016-07-04 00:00:06.631000,1.11278,1.11274,1000000,2620000
2016-07-04 00:00:07.261000,1.11280,1.11274,2620000,3370000
2016-07-04 00:00:07.604000,1.11285,1.11283,5250000,1120000
2016-07-04 00:00:07.655000,1.11285,1.11283,1000000,1120000
2016-07-04 00:00:07.830000,1.11287,1.11283,3370000,1870000
2016-07-04 00:00:08.034000,1.11288,1.11287,1500000,1000000
2016-07-04 00:00:08.575000,1.11288,1.11284,1500000,2620000
2016-07-04 00:00:09.528000,1.11289,1.11284,1000000,4500000
2016-07-04 00:00:09.630000,1.11292,1.11284,1500000,8620000
2016-07-04 00:00:10.156000,1.11293,1.11285,7120000,1500000
2016-07-04 00:00:10.659000,1.11292,1.11285,1000000,1500000
2016-07-04 00:00:11.174000,1.11292,1.11286,1000000,1570000
2016-07-04 00:00:11.497000,1.11294,1.11288,1120000,1500000
2016-07-04 00:00:11.751000,1.11295,1.11290,1500000,1100000
2016-07-04 00:00:12.242000,1.11295,1.11288,3750000,1570000
2016-07-04 00:00:12.763000,1.11295,1.11288,3370000,1100000
2016-07-04 00:00:13.312000,1.11295,1.11288,1120000,1100000
2016-07-04 00:00:14.121000,1.11295,1.11289,1120000,1000000
2016-07-04 00:00:16.572000,1.11296,1.11291,1370000,1100000
2016-07-04 00:00:16.725000,1.11297,1.11291,1120000,2320000
2016-07-04 00:00:16.826000,1.11297,1.11294,1120000,1000000
2016-07-04 00:00:17.439000,1.11297,1.11295,1000000,1000000
2016-07-04 00:00:17.542000,1.11300,1.11294,3370000,1500000
2016-07-04 00:00:18.050000,1.11301,1.11295,4120000,1000000
2016-07-04 00:00:18.672000,1.11301,1.11294,1870000,2250000
2016-07-04 00:00:19.182000,1.11301,1.11295,4120000,1000000
2016-07-04 00:00:20.248000,1.11299,1.11294,1000000,1500000
2016-07-04 00:00:21.212000,1.11298,1.11294,1000000,1000000
2016-07-04 00:00:21.263000,1.11300,1.11294,1120000,1120000
2016-07-04 00:00:22.238000,1.11298,1.11294,1000000,2620000
2016-07-04 00:00:22.789000,1.11299,1.11293,1000000,1500000
2016-07-04 00:00:23.297000,1.11299,1.11292,1000000,2620000
2016-07-04 00:00:23.855000,1.11298,1.11292,1000000,1000000
2016-07-04 00:00:24.363000,1.11297,1.11292,1000000,1120000
2016-07-04 00:00:25.297000,1.11297,1.11292,1000000,1500000
2016-07-04 00:00:25.805000,1.11298,1.11292,1000000,1500000
2016-07-04 00:00:29.634000,1.11298,1.11292,1500000,3750000
2016-07-04 00:00:31.307000,1.11298,1.11292,1000000,2250000
2016-07-04 00:00:31.815000,1.11298,1.11292,1000000,1870000
2016-07-04 00:00:34.752000,1.11298,1.11293,1000000,1000000
2016-07-04 00:00:35.375000,1.11300,1.11293,3750000,1000000
2016-07-04 00:00:36.012000,1.11300,1.11293,4870000,1500000
2016-07-04 00:00:38.335000,1.11300,1.11293,5620000,1500000
2016-07-04 00:00:40.192000,1.11299,1.11292,1500000,1500000
2016-07-04 00:00:42.262000,1.11298,1.11291,1120000,1120000
2016-07-04 00:00:43.896000,1.11299,1.11292,6750000,1000000
2016-07-04 00:00:44.734000,1.11298,1.11292,1370000,1000000
2016-07-04 00:00:45.162000,1.11293,1.11291,3000000,1000000
2016-07-04 00:00:45.264000,1.11291,1.11286,1000000,1570000
2016-07-04 00:00:45.366000,1.11290,1.11283,1120000,1570000
2016-07-04 00:00:46.658000,1.11290,1.11283,1370000,1570000
2016-07-04 00:00:49.171000,1.11290,1.11283,1570000,1870000
2016-07-04 00:00:49.708000,1.11290,1.11283,1570000,1870000
2016-07-04 00:00:54.644000,1.11290,1.11283,1500000,1500000
2016-07-04 00:00:59.393000,1.11290,1.11283,4200000,1870000
2016-07-04 00:01:00.800000,1.11287,1.11282,1000000,2620000
2016-07-04 00:01:02.807000,1.11287,1.11283,1000000,1100000
2016-07-04 00:01:05.646000,1.11287,1.11282,1000000,1100000
2016-07-04 00:01:09.430000,1.11286,1.11281,1000000,2620000
2016-07-04 00:01:09.953000,1.11285,1.11280,1000000,2290000
2016-07-04 00:01:10.458000,1.11286,1.11280,1000000,1910000
2016-07-04 00:01:11.101000,1.11285,1.11280,1000000,1910000
2016-07-04 00:01:12.714000,1.11284,1.11281,1000000,1100000
2016-07-04 00:01:13.241000,1.11284,1.11281,1000000,1100000
2016-07-04 00:01:14.640000,1.11282,1.11279,1000000,1160000
2016-07-04 00:01:15.148000,1.11281,1.11278,1000000,2370000
2016-07-04 00:01:15.683000,1.11282,1.11278,1000000,1620000
2016-07-04 00:01:16.846000,1.11282,1.11277,1000000,4330000
2016-07-04 00:01:21.106000,1.11283,1.11278,1100000,1250000
2016-07-04 00:01:21.739000,1.11283,1.11278,1100000,1630000
2016-07-04 00:01:22.245000,1.11282,1.11277,1000000,2080000
2016-07-04 00:01:22.857000,1.11282,1.11277,1000000,1330000
2016-07-04 00:01:23.408000,1.11282,1.11276,1100000,1330000
2016-07-04 00:01:28.222000,1.11282,1.11275,1100000,6130000
2016-07-04 00:01:28.324000,1.11280,1.11275,1000000,5260000
2016-07-04 00:01:28.871000,1.11281,1.11275,1000000,1510000
2016-07-04 00:01:29.380000,1.11282,1.11275,1100000,1510000
2016-07-04 00:01:29.890000,1.11282,1.11273,3000000,7130000
2016-07-04 00:01:29.992000,1.11279,1.11276,1000000,1000000
2016-07-04 00:01:30.365000,1.11279,1.11273,1000000,2250000
2016-07-04 00:01:31.228000,1.11279,1.11277,1000000,1000000
2016-07-04 00:01:31.482000,1.11279,1.11275,1000000,1500000
2016-07-04 00:01:33.035000,1.11279,1.11275,1950000,1500000
2016-07-04 00:01:34.747000,1.11278,1.11273,1000000,1120000
2016-07-04 00:01:35.024000,1.11280,1.11273,1950000,2620000
2016-07-04 00:01:37.248000,1.11281,1.11274,1200000,3000000
2016-07-04 00:01:38.245000,1.11280,1.11274,1000000,3000000
2016-07-04 00:01:38.651000,1.11280,1.11278,1000000,1000000
2016-07-04 00:01:39.076000,1.11282,1.11280,1950000,2120000
2016-07-04 00:01:39.180000,1.11282,1.11281,1100000,1500000
2016-07-04 00:01:39.691000,1.11282,1.11281,1100000,1500000
2016-07-04 00:01:40.197000,1.11282,1.11281,1100000,1500000
2016-07-04 00:01:42.762000,1.11283,1.11281,5850000,1000000
2016-07-04 00:01:43.457000,1.11281,1.11280,1000000,3370000
2016-07-04 00:01:43.660000,1.11281,1.11280,1000000,1120000
2016-07-04 00:01:43.711000,1.11281,1.11277,1000000,1500000
2016-07-04 00:01:44.086000,1.11281,1.11275,1100000,2700000
2016-07-04 00:01:44.611000,1.11280,1.11275,1000000,1950000
2016-07-04 00:01:45.688000,1.11280,1.11275,1000000,1470000
2016-07-04 00:01:46.567000,1.11280,1.11275,1000000,1100000
2016-07-04 00:01:51.613000,1.11280,1.11273,1100000,8620000
2016-07-04 00:01:52.120000,1.11280,1.11273,4870000,1470000
2016-07-04 00:01:52.879000,1.11276,1.11271,1000000,2250000
2016-07-04 00:01:53.183000,1.11272,1.11269,1500000,1500000
2016-07-04 00:01:53.487000,1.11268,1.11266,1000000,1500000
2016-07-04 00:01:53.589000,1.11270,1.11266,1100000,1000000
2016-07-04 00:01:54.835000,1.11270,1.11263,1100000,3000000
2016-07-04 00:01:55.384000,1.11271,1.11264,1570000,1500000
2016-07-04 00:02:00.552000,1.11272,1.11265,5700000,1870000
2016-07-04 00:02:01.058000,1.11271,1.11266,1000000,1100000
2016-07-04 00:02:01.273000,1.11272,1.11269,1100000,1500000
2016-07-04 00:02:01.352000,1.11274,1.11269,1000000,1500000
2016-07-04 00:02:01.606000,1.11276,1.11270,5320000,1120000
2016-07-04 00:02:01.708000,1.11276,1.11272,1000000,1120000
2016-07-04 00:02:01.861000,1.11278,1.11272,1000000,1870000
2016-07-04 00:02:02.372000,1.11280,1.11273,1570000,2620000
2016-07-04 00:02:03.097000,1.11279,1.11273,1000000,1500000
2016-07-04 00:02:03.603000,1.11280,1.11273,1100000,1870000
2016-07-04 00:02:03.876000,1.11278,1.11273,1000000,1870000
2016-07-04 00:02:04.080000,1.11280,1.11273,2320000,1500000
2016-07-04 00:02:05.266000,1.11279,1.11273,1000000,1500000
2016-07-04 00:02:05.780000,1.11280,1.11273,1000000,4500000
2016-07-04 00:02:06.287000,1.11281,1.11275,1570000,1100000
2016-07-04 00:02:06.892000,1.11281,1.11274,1100000,5250000
2016-07-04 00:02:09.584000,1.11281,1.11276,1000000,1470000
2016-07-04 00:02:10.122000,1.11280,1.11277,1000000,1000000
2016-07-04 00:02:10.277000,1.11281,1.11276,1000000,4950000
2016-07-04 00:02:10.430000,1.11284,1.11279,1000000,6750000
2016-07-04 00:02:10.482000,1.11285,1.11283,1500000,1000000
2016-07-04 00:02:10.584000,1.11287,1.11284,1870000,1000000
2016-07-04 00:02:10.686000,1.11288,1.11286,1000000,1000000
2016-07-04 00:02:10.889000,1.11293,1.11286,3750000,4870000
2016-07-04 00:02:11.408000,1.11293,1.11288,1000000,1370000
2016-07-04 00:02:12.018000,1.11294,1.11288,1100000,1470000
2016-07-04 00:02:12.657000,1.11294,1.11287,1120000,1470000
2016-07-04 00:02:12.759000,1.11294,1.11287,1120000,1100000
2016-07-04 00:02:13.113000,1.11294,1.11287,1000000,1500000
2016-07-04 00:02:13.619000,1.11295,1.11287,7950000,3000000
2016-07-04 00:02:14.531000,1.11294,1.11287,1500000,2620000
2016-07-04 00:02:14.836000,1.11288,1.11287,2250000,2620000
2016-07-04 00:02:15.003000,1.11287,1.11285,1500000,4000000
2016-07-04 00:02:15.054000,1.11287,1.11282,1500000,1180000
2016-07-04 00:02:15.579000,1.11287,1.11282,1000000,1550000
2016-07-04 00:02:16.098000,1.11289,1.11282,1000000,2300000
2016-07-04 00:02:19.417000,1.11288,1.11282,1000000,6430000
2016-07-04 00:02:26.040000,1.11289,1.11284,1000000,1100000
2016-07-04 00:02:26.276000,1.11289,1.11286,1000000,1000000
2016-07-04 00:02:26.377000,1.11291,1.11286,3000000,1000000
2016-07-04 00:02:27.475000,1.11291,1.11287,1000000,1000000
2016-07-04 00:02:28.582000,1.11293,1.11287,1000000,2620000
2016-07-04 00:02:28.683000,1.11294,1.11290,1570000,1000000
2016-07-04 00:02:29.208000,1.11295,1.11289,1000000,1000000
2016-07-04 00:02:29.730000,1.11295,1.11288,1000000,2700000
2016-07-04 00:02:30.697000,1.11295,1.11289,1000000,1000000
2016-07-04 00:02:31.234000,1.11295,1.11289,1000000,1870000
2016-07-04 00:02:33.149000,1.11295,1.11290,1000000,1470000
2016-07-04 00:02:33.684000,1.11295,1.11290,1000000,1200000
2016-07-04 00:02:36.906000,1.11295,1.11294,1000000,1000000
2016-07-04 00:02:37.513000,1.11297,1.11295,2620000,1500000
2016-07-04 00:02:37.596000,1.11300,1.11297,1100000,1000000
2016-07-04 00:02:37.950000,1.11302,1.11297,1100000,1500000
2016-07-04 00:02:38.357000,1.11303,1.11299,4870000,1000000
2016-07-04 00:02:38.509000,1.11304,1.11297,1200000,4120000
2016-07-04 00:02:39.010000,1.11304,1.11298,1000000,1120000
2016-07-04 00:02:39.367000,1.11306,1.11299,1200000,4870000
2016-07-04 00:02:40.058000,1.11305,1.11299,1000000,7120000
2016-07-04 00:02:40.715000,1.11305,1.11300,1000000,1870000
2016-07-04 00:02:41.221000,1.11305,1.11300,1000000,2320000
2016-07-04 00:02:44.077000,1.11305,1.11301,1000000,1000000
2016-07-04 00:02:44.583000,1.11306,1.11300,1100000,2700000
2016-07-04 00:02:45.162000,1.11303,1.11300,1870000,2320000
2016-07-04 00:02:45.315000,1.11302,1.11295,2620000,1500000
2016-07-04 00:02:45.720000,1.11303,1.11297,3340000,1100000
2016-07-04 00:02:46.230000,1.11303,1.11297,2620000,1120000
2016-07-04 00:02:51.242000,1.11304,1.11297,3000000,1100000
2016-07-04 00:02:52.003000,1.11303,1.11297,1120000,1120000
2016-07-04 00:02:52.513000,1.11302,1.11296,1000000,1120000
2016-07-04 00:02:54.342000,1.11302,1.11296,2620000,1500000
2016-07-04 00:02:58.508000,1.11303,1.11296,6000000,1500000
2016-07-04 00:03:01.325000,1.11302,1.11296,1000000,1500000
2016-07-04 00:03:01.870000,1.11303,1.11296,6370000,1500000
2016-07-04 00:03:02.478000,1.11297,1.11296,1000000,1000000
2016-07-04 00:03:02.681000,1.11293,1.11291,7500000,1870000
2016-07-04 00:03:02.872000,1.11290,1.11286,1000000,2620000
2016-07-04 00:03:02.956000,1.11287,1.11282,1000000,1500000
2016-07-04 00:03:03.468000,1.11287,1.11282,1000000,1950000
2016-07-04 00:03:04.106000,1.11288,1.11283,1000000,1100000
2016-07-04 00:03:05.847000,1.11289,1.11283,1200000,1100000
2016-07-04 00:03:06.377000,1.11288,1.11283,1000000,1100000
2016-07-04 00:03:08.176000,1.11289,1.11283,1200000,1100000
2016-07-04 00:03:15.592000,1.11286,1.11283,1000000,1200000
2016-07-04 00:03:15.896000,1.11288,1.11284,1000000,1100000
2016-07-04 00:03:16.550000,1.11289,1.11282,1120000,5250000
2016-07-04 00:03:25.736000,1.11287,1.11281,1870000,1880000
2016-07-04 00:03:26.245000,1.11287,1.11281,3450000,1110000
2016-07-04 00:03:26.751000,1.11288,1.11282,1100000,1200000
2016-07-04 00:03:27.148000,1.11288,1.11282,1000000,2250000
2016-07-04 00:03:30.203000,1.11288,1.11284,1000000,4120000
2016-07-04 00:03:30.253000,1.11290,1.11284,1120000,4120000
2016-07-04 00:03:30.909000,1.11288,1.11284,1000000,6370000
2016-07-04 00:03:31.217000,1.11287,1.11281,1000000,3010000
2016-07-04 00:03:32.345000,1.11286,1.11281,1000000,1130000
2016-07-04 00:03:33.927000,1.11283,1.11281,1000000,1000000
2016-07-04 00:03:34.029000,1.11281,1.11278,1000000,2320000
2016-07-04 00:03:34.233000,1.11281,1.11275,1100000,1100000
2016-07-04 00:03:34.385000,1.11280,1.11274,3000000,1000000
2016-07-04 00:03:34.891000,1.11280,1.11273,5250000,1570000
2016-07-04 00:03:36.501000,1.11280,1.11273,1000000,3750000
2016-07-04 00:03:41.680000,1.11280,1.11273,2250000,3750000
2016-07-04 00:03:45.688000,1.11281,1.11274,6820000,1120000
2016-07-04 00:03:46.629000,1.11281,1.11274,6450000,1120000
2016-07-04 00:03:50.135000,1.11280,1.11274,1000000,1120000
2016-07-04 00:03:50.389000,1.11278,1.11272,1100000,1200000
2016-07-04 00:03:50.947000,1.11277,1.11272,1000000,1200000
2016-07-04 00:03:52.885000,1.11277,1.11271,1100000,1950000
2016-07-04 00:03:53.798000,1.11276,1.11271,1000000,1200000
2016-07-04 00:03:54.253000,1.11274,1.11270,1000000,1200000
2016-07-04 00:03:54.507000,1.11271,1.11266,1500000,1100000
2016-07-04 00:03:55.710000,1.11271,1.11264,6000000,2320000
2016-07-04 00:03:56.231000,1.11270,1.11264,2620000,1870000
2016-07-04 00:03:57.214000,1.11271,1.11265,2320000,1100000
2016-07-04 00:04:01.973000,1.11271,1.11264,3370000,4120000
2016-07-04 00:04:04.578000,1.11270,1.11264,1000000,4120000
2016-07-04 00:04:05.609000,1.11270,1.11264,1000000,2250000
2016-07-04 00:04:06.124000,1.11269,1.11264,1000000,2250000
2016-07-04 00:04:07.857000,1.11269,1.11266,1000000,1000000
2016-07-04 00:04:07.908000,1.11272,1.11266,1870000,1120000
2016-07-04 00:04:08.439000,1.11272,1.11266,1000000,3750000
2016-07-04 00:04:10.288000,1.11271,1.11266,1000000,2250000
2016-07-04 00:04:10.797000,1.11271,1.11265,1000000,1120000
2016-07-04 00:04:18.361000,1.11272,1.11264,6070000,4870000
2016-07-04 00:04:23.456000,1.11272,1.11265,3450000,4120000
2016-07-04 00:04:24.456000,1.11272,1.11265,3450000,4120000
2016-07-04 00:04:27.545000,1.11272,1.11269,1200000,1120000
2016-07-04 00:04:27.749000,1.11274,1.11269,1000000,3070000
2016-07-04 00:04:27.990000,1.11276,1.11269,1570000,9000000
2016-07-04 00:04:28.244000,1.11276,1.11273,1000000,2250000
2016-07-04 00:04:28.548000,1.11282,1.11281,2250000,1000000
2016-07-04 00:04:28.599000,1.11282,1.11281,1500000,1000000
2016-07-04 00:04:28.650000,1.11284,1.11281,2320000,1370000
2016-07-04 00:04:28.852000,1.11285,1.11284,1100000,1000000
2016-07-04 00:04:29.279000,1.11287,1.11285,1100000,1000000
2016-07-04 00:04:30.148000,1.11289,1.11285,1100000,1500000
2016-07-04 00:04:30.734000,1.11290,1.11285,3820000,1500000
2016-07-04 00:04:30.887000,1.11290,1.11287,3820000,1000000
2016-07-04 00:04:31.141000,1.11294,1.11289,2620000,1500000
2016-07-04 00:04:34.062000,1.11294,1.11290,1870000,1000000
2016-07-04 00:04:34.572000,1.11293,1.11288,1000000,5250000
2016-07-04 00:04:36.100000,1.11294,1.11288,1000000,2250000
2016-07-04 00:04:40.187000,1.11295,1.11288,2320000,3000000
2016-07-04 00:04:41.481000,1.11294,1.11288,1000000,3000000
2016-07-04 00:04:42.434000,1.11293,1.11288,1000000,2250000
2016-07-04 00:04:42.485000,1.11291,1.11288,1000000,1500000
2016-07-04 00:04:42.688000,1.11290,1.11285,4120000,1100000
2016-07-04 00:04:42.841000,1.11288,1.11283,1000000,1120000
2016-07-04 00:04:43.407000,1.11289,1.11282,1000000,2620000
2016-07-04 00:04:43.914000,1.11290,1.11283,6450000,1120000
2016-07-04 00:04:47.695000,1.11290,1.11282,5700000,3750000
2016-07-04 00:04:49.148000,1.11288,1.11282,4120000,1000000
2016-07-04 00:04:49.655000,1.11287,1.11281,3450000,1100000
2016-07-04 00:04:51.154000,1.11286,1.11280,1950000,1100000
2016-07-04 00:04:51.660000,1.11286,1.11280,4950000,1100000
2016-07-04 00:04:52.361000,1.11285,1.11279,3000000,1000000
2016-07-04 00:04:52.867000,1.11283,1.11278,1470000,1000000
2016-07-04 00:04:53.349000,1.11281,1.11276,1370000,1500000
2016-07-04 00:04:54.121000,1.11281,1.11276,1370000,1500000
2016-07-04 00:04:55.118000,1.11281,1.11276,1370000,1000000
2016-07-04 00:04:56.603000,1.11281,1.11279,1120000,1000000
2016-07-04 00:04:57.622000,1.11282,1.11280,1950000,1000000
2016-07-04 00:04:58.942000,1.11282,1.11279,1950000,1000000
2016-07-04 00:04:59.708000,1.11282,1.11279,1950000,1000000
2016-07-04 00:05:00.983000,1.11282,1.11278,1470000,1500000
2016-07-04 00:05:01.655000,1.11278,1.11274,1000000,3370000
2016-07-04 00:05:02.689000,1.11277,1.11274,1000000,1120000
2016-07-04 00:05:02.959000,1.11275,1.11270,1120000,2250000
2016-07-04 00:05:03.465000,1.11275,1.11269,3370000,6370000
2016-07-04 00:05:03.617000,1.11273,1.11269,2250000,1500000
2016-07-04 00:05:03.669000,1.11272,1.11266,1470000,1200000
2016-07-04 00:05:04.209000,1.11273,1.11266,4870000,2250000
2016-07-04 00:05:12.327000,1.11272,1.11269,1370000,1000000
2016-07-04 00:05:12.681000,1.11274,1.11270,7120000,1500000
2016-07-04 00:05:13.124000,1.11274,1.11270,6370000,1500000
2016-07-04 00:05:13.462000,1.11274,1.11272,4870000,1000000
2016-07-04 00:05:13.968000,1.11275,1.11272,2320000,1000000
2016-07-04 00:05:15.275000,1.11276,1.11272,6070000,1500000
2016-07-04 00:05:15.796000,1.11276,1.11273,2320000,1000000
2016-07-04 00:05:16.780000,1.11275,1.11273,1000000,1000000
2016-07-04 00:05:17.474000,1.11275,1.11272,1000000,1000000
2016-07-04 00:05:21.447000,1.11276,1.11272,6000000,1000000
2016-07-04 00:05:23.666000,1.11276,1.11273,4500000,1000000
2016-07-04 00:05:23.920000,1.11278,1.11274,1100000,1000000
2016-07-04 00:05:24.201000,1.11280,1.11274,8700000,1000000
2016-07-04 00:05:27.088000,1.11280,1.11275,7950000,1000000
2016-07-04 00:05:32.687000,1.11280,1.11276,10570000,1000000
2016-07-04 00:05:33.244000,1.11281,1.11275,3370000,2620000
2016-07-04 00:05:33.781000,1.11282,1.11277,4870000,1100000
2016-07-04 00:05:34.308000,1.11282,1.11277,4870000,1100000
2016-07-04 00:05:41.196000,1.11283,1.11277,4200000,1570000
2016-07-04 00:05:43.232000,1.11283,1.11277,2700000,1100000
2016-07-04 00:05:46.240000,1.11282,1.11276,4120000,1870000
2016-07-04 00:05:46.842000,1.11282,1.11277,4500000,1100000
2016-07-04 00:05:48.600000,1.11282,1.11279,4120000,1000000
2016-07-04 00:05:49.109000,1.11282,1.11278,1870000,1000000
2016-07-04 00:05:49.646000,1.11282,1.11277,1370000,1100000
2016-07-04 00:05:58.215000,1.11282,1.11277,1370000,1100000
2016-07-04 00:06:03.230000,1.11283,1.11277,6750000,1500000
2016-07-04 00:06:13.608000,1.11283,1.11276,6750000,1950000
2016-07-04 00:06:14.114000,1.11282,1.11276,6450000,1100000
2016-07-04 00:06:15.619000,1.11280,1.11277,1000000,1000000
2016-07-04 00:06:16.156000,1.11281,1.11277,1750000,1000000
2016-07-04 00:06:19.852000,1.11281,1.11276,9450000,1000000
2016-07-04 00:06:20.679000,1.11281,1.11276,11700000,1000000
2016-07-04 00:06:22.670000,1.11281,1.11276,11700000,1000000
2016-07-04 00:06:23.656000,1.11281,1.11276,12450000,1000000
2016-07-04 00:06:25.985000,1.11280,1.11276,1500000,1000000
2016-07-04 00:06:27.833000,1.11280,1.11275,1500000,1100000
2016-07-04 00:06:30.659000,1.11280,1.11275,1500000,1100000
2016-07-04 00:06:40.310000,1.11281,1.11275,3000000,1120000
2016-07-04 00:07:00.958000,1.11282,1.11275,4950000,3370000
2016-07-04 00:07:04.555000,1.11282,1.11276,1100000,3820000
2016-07-04 00:07:08.326000,1.11282,1.11276,1000000,3370000
2016-07-04 00:07:08.852000,1.11282,1.11276,1100000,3070000
2016-07-04 00:07:10.969000,1.11282,1.11276,1950000,3820000
2016-07-04 00:07:18.958000,1.11281,1.11275,1870000,1120000
2016-07-04 00:07:21.159000,1.11281,1.11274,2620000,6370000
2016-07-04 00:07:31.986000,1.11281,1.11274,1870000,3000000
2016-07-04 00:07:34.033000,1.11280,1.11274,1120000,1120000
2016-07-04 00:07:42.517000,1.11281,1.11275,2320000,2320000
2016-07-04 00:07:43.956000,1.11281,1.11275,1120000,3750000
2016-07-04 00:07:51.435000,1.11280,1.11275,1000000,4120000
2016-07-04 00:07:54.819000,1.11281,1.11279,1500000,1000000
2016-07-04 00:07:55.123000,1.11283,1.11281,1950000,3000000
2016-07-04 00:07:55.901000,1.11284,1.11281,1050000,3370000
2016-07-04 00:07:56.306000,1.11285,1.11283,3750000,1500000
2016-07-04 00:07:56.408000,1.11286,1.11285,1000000,1500000
2016-07-04 00:07:56.712000,1.11292,1.11289,3370000,3370000
2016-07-04 00:07:57.226000,1.11294,1.11291,1500000,3370000
2016-07-04 00:07:57.734000,1.11294,1.11293,1200000,2250000
2016-07-04 00:07:58.809000,1.11296,1.11293,5250000,3000000
2016-07-04 00:07:59.013000,1.11291,1.11289,1000000,2320000
2016-07-04 00:08:02.212000,1.11291,1.11290,1000000,1000000
2016-07-04 00:08:07.736000,1.11295,1.11290,2620000,1000000
2016-07-04 00:08:08.439000,1.11295,1.11290,1870000,1000000
2016-07-04 00:08:12.452000,1.11295,1.11290,1500000,1000000
2016-07-04 00:08:16.559000,1.11295,1.11289,3750000,1000000
2016-07-04 00:08:26.477000,1.11294,1.11290,1500000,1000000
2016-07-04 00:08:27.741000,1.11294,1.11289,1470000,1000000
2016-07-04 00:08:28.256000,1.11294,1.11289,1470000,1000000
2016-07-04 00:08:28.863000,1.11294,1.11288,2250000,1000000
2016-07-04 00:08:34.146000,1.11294,1.11288,4120000,1000000
2016-07-04 00:08:41.677000,1.11293,1.11287,1570000,1570000
2016-07-04 00:08:42.206000,1.11293,1.11287,3070000,1570000
2016-07-04 00:08:44.987000,1.11292,1.11286,1870000,1120000
2016-07-04 00:08:46.988000,1.11293,1.11290,3820000,2500000
2016-07-04 00:08:47.292000,1.11299,1.11297,23250000,1000000
2016-07-04 00:08:47.835000,1.11300,1.11297,33000000,2500000
2016-07-04 00:08:47.886000,1.11298,1.11296,7500000,1000000
2016-07-04 00:08:47.938000,1.11296,1.11294,1870000,2250000
2016-07-04 00:08:47.990000,1.11298,1.11291,4870000,1950000
2016-07-04 00:08:48.497000,1.11298,1.11295,1870000,1000000
2016-07-04 00:08:49.015000,1.11296,1.11295,1000000,1000000
2016-07-04 00:08:49.774000,1.11296,1.11294,1000000,1500000
2016-07-04 00:08:53.199000,1.11299,1.11294,6000000,1870000
2016-07-04 00:08:54.411000,1.11299,1.11294,3370000,1870000
2016-07-04 00:08:55.386000,1.11297,1.11294,1000000,3000000
2016-07-04 00:08:57.654000,1.11298,1.11296,1000000,1120000
2016-07-04 00:08:58.160000,1.11299,1.11296,2250000,1120000
2016-07-04 00:08:59.941000,1.11299,1.11295,2620000,1000000
2016-07-04 00:09:00.467000,1.11297,1.11295,1000000,1000000
2016-07-04 00:09:02.874000,1.11298,1.11295,1000000,1000000
2016-07-04 00:09:04.457000,1.11299,1.11295,3000000,1000000
2016-07-04 00:09:04.984000,1.11299,1.11293,3000000,1750000
2016-07-04 00:09:07.911000,1.11299,1.11295,3370000,1000000
2016-07-04 00:09:08.494000,1.11299,1.11295,3370000,1000000
2016-07-04 00:09:10.119000,1.11297,1.11292,1500000,3450000
2016-07-04 00:09:10.949000,1.11297,1.11292,1500000,2700000
2016-07-04 00:09:13.280000,1.11296,1.11292,1000000,1870000
2016-07-04 00:09:14.011000,1.11297,1.11291,1950000,2700000
2016-07-04 00:09:17.530000,1.11295,1.11291,1000000,3370000
2016-07-04 00:09:17.986000,1.11294,1.11290,1000000,1370000
2016-07-04 00:09:18.788000,1.11295,1.11290,1200000,1370000
2016-07-04 00:09:19.295000,1.11294,1.11290,1000000,1370000
2016-07-04 00:09:21.879000,1.11294,1.11290,1120000,1120000
2016-07-04 00:09:23.024000,1.11293,1.11290,1000000,1000000
2016-07-04 00:09:23.075000,1.11293,1.11288,2400000,1000000
2016-07-04 00:09:23.177000,1.11291,1.11288,1000000,1000000
2016-07-04 00:09:23.481000,1.11289,1.11285,1000000,3750000
2016-07-04 00:09:23.706000,1.11292,1.11286,1120000,1500000
2016-07-04 00:09:24.214000,1.11291,1.11286,1000000,1950000
2016-07-04 00:09:24.265000,1.11291,1.11285,1000000,6370000
2016-07-04 00:09:26.125000,1.11291,1.11288,1000000,1000000
2016-07-04 00:09:27.186000,1.11291,1.11288,1000000,1370000
2016-07-04 00:09:27.237000,1.11293,1.11289,3520000,1120000
2016-07-04 00:09:27.760000,1.11294,1.11290,1120000,1000000
2016-07-04 00:09:28.284000,1.11294,1.11289,1000000,1570000
2016-07-04 00:09:29.362000,1.11296,1.11289,1570000,3220000
2016-07-04 00:09:29.906000,1.11295,1.11290,1000000,1570000
2016-07-04 00:09:30.440000,1.11295,1.11290,1000000,1570000
2016-07-04 00:09:32.192000,1.11295,1.11290,1000000,1570000
2016-07-04 00:09:33.229000,1.11294,1.11289,1000000,2400000
2016-07-04 00:09:34.547000,1.11295,1.11290,1100000,1120000
2016-07-04 00:09:38.406000,1.11294,1.11290,1000000,1120000
2016-07-04 00:09:45.220000,1.11294,1.11288,2250000,1500000
2016-07-04 00:09:45.768000,1.11294,1.11288,2250000,1870000
2016-07-04 00:09:47.574000,1.11294,1.11289,2250000,1100000
2016-07-04 00:09:48.076000,1.11294,1.11288,2250000,1870000
2016-07-04 00:09:48.831000,1.11294,1.11288,2250000,1870000
2016-07-04 00:09:49.337000,1.11294,1.11290,1000000,1000000
2016-07-04 00:09:52.046000,1.11295,1.11290,2320000,1000000
2016-07-04 00:09:52.596000,1.11295,1.11289,2320000,1050000
2016-07-04 00:09:53.818000,1.11293,1.11289,1000000,1050000
2016-07-04 00:09:56.845000,1.11292,1.11290,2250000,1000000
2016-07-04 00:09:57.048000,1.11292,1.11286,3370000,1120000
2016-07-04 00:09:58.400000,1.11292,1.11286,2250000,1500000
2016-07-04 00:09:58.906000,1.11291,1.11286,1000000,1500000
2016-07-04 00:10:03.123000,1.11292,1.11286,2250000,1500000
2016-07-04 00:10:04.065000,1.11292,1.11286,1000000,1500000
2016-07-04 00:10:05.027000,1.11292,1.11286,1500000,2250000
2016-07-04 00:10:07.318000,1.11296,1.11290,1500000,4120000
2016-07-04 00:10:08.265000,1.11296,1.11290,1500000,5250000
2016-07-04 00:10:12.151000,1.11295,1.11290,1000000,6000000
2016-07-04 00:10:13.048000,1.11296,1.11290,1500000,4120000
2016-07-04 00:10:21.278000,1.11297,1.11291,2320000,1470000
2016-07-04 00:10:22.309000,1.11297,1.11291,1570000,1950000
2016-07-04 00:10:23.288000,1.11297,1.11291,1570000,1950000
2016-07-04 00:10:33.324000,1.11297,1.11292,1100000,1870000
2016-07-04 00:10:38.265000,1.11298,1.11292,1570000,1950000
2016-07-04 00:10:38.771000,1.11298,1.11293,1500000,1470000
2016-07-04 00:10:39.724000,1.11298,1.11293,2700000,1370000
2016-07-04 00:10:42.426000,1.11298,1.11292,2320000,1200000
2016-07-04 00:10:42.698000,1.11296,1.11291,1000000,1950000
2016-07-04 00:10:43.155000,1.11295,1.11290,3070000,1000000
2016-07-04 00:10:43.662000,1.11295,1.11289,7950000,1100000
2016-07-04 00:10:44.265000,1.11295,1.11289,7200000,1100000
2016-07-04 00:10:54.248000,1.11294,1.11289,3370000,1100000
2016-07-04 00:10:56.277000,1.11293,1.11288,2250000,1100000
2016-07-04 00:10:56.803000,1.11292,1.11288,1500000,1100000
2016-07-04 00:10:58.612000,1.11292,1.11287,5620000,1570000
2016-07-04 00:10:59.510000,1.11291,1.11287,1000000,1100000
2016-07-04 00:11:04.369000,1.11292,1.11287,1570000,1000000
2016-07-04 00:11:04.875000,1.11292,1.11288,1100000,1000000
2016-07-04 00:11:06.524000,1.11288,1.11286,2250000,1470000
2016-07-04 00:11:06.575000,1.11286,1.11285,1000000,1500000
2016-07-04 00:11:06.677000,1.11284,1.11283,1000000,1100000
2016-07-04 00:11:07.253000,1.11284,1.11282,1000000,1100000
2016-07-04 00:11:07.785000,1.11281,1.11278,1500000,2250000
2016-07-04 00:11:07.836000,1.11278,1.11277,1000000,2620000
2016-07-04 00:11:08.039000,1.11276,1.11273,1000000,1500000
2016-07-04 00:11:08.470000,1.11275,1.11270,1000000,6000000
2016-07-04 00:11:08.980000,1.11276,1.11271,1500000,1200000
2016-07-04 00:11:09.490000,1.11275,1.11271,1500000,1570000
2016-07-04 00:11:09.777000,1.11277,1.11274,1000000,1100000
2016-07-04 00:11:10.185000,1.11277,1.11275,1000000,1370000
2016-07-04 00:11:12.644000,1.11278,1.11275,1000000,1570000
2016-07-04 00:11:13.166000,1.11278,1.11274,1000000,4120000
2016-07-04 00:11:13.472000,1.11279,1.11275,1000000,1950000
2016-07-04 00:11:15.304000,1.11281,1.11276,1870000,1570000
2016-07-04 00:11:16.323000,1.11282,1.11276,1950000,1950000
2016-07-04 00:11:17.929000,1.11282,1.11277,1950000,1370000
2016-07-04 00:11:19.590000,1.11283,1.11277,4500000,1370000
2016-07-04 00:11:22.222000,1.11283,1.11278,4500000,1500000
2016-07-04 00:11:22.536000,1.11283,1.11279,1000000,2620000
2016-07-04 00:11:22.590000,1.11284,1.11280,1100000,2250000
2016-07-04 00:11:22.894000,1.11287,1.11284,1120000,1370000
2016-07-04 00:11:23.199000,1.11288,1.11286,2500000,1500000
2016-07-04 00:11:23.250000,1.11290,1.11286,1000000,2250000
2016-07-04 00:11:23.604000,1.11292,1.11288,1870000,1370000
2016-07-04 00:11:23.857000,1.11298,1.11294,1000000,2620000
2016-07-04 00:11:25.934000,1.11296,1.11293,1000000,1470000
2016-07-04 00:11:26.484000,1.11296,1.11294,1000000,1870000
2016-07-04 00:11:28.473000,1.11298,1.11294,2320000,1870000
2016-07-04 00:11:29.043000,1.11296,1.11291,1000000,3370000
2016-07-04 00:11:29.593000,1.11296,1.11291,1000000,3370000
2016-07-04 00:11:30.124000,1.11297,1.11292,1000000,1470000
2016-07-04 00:11:30.631000,1.11299,1.11292,5250000,1950000
2016-07-04 00:11:31.665000,1.11296,1.11292,1000000,1470000
2016-07-04 00:11:34.687000,1.11297,1.11293,1000000,1870000
2016-07-04 00:11:36.584000,1.11297,1.11295,1000000,1000000
2016-07-04 00:11:38.981000,1.11296,1.11294,1000000,3370000
2016-07-04 00:11:44.500000,1.11296,1.11295,1000000,1000000
2016-07-04 00:11:45.394000,1.11296,1.11291,1000000,3000000
2016-07-04 00:11:48.484000,1.11297,1.11293,1000000,1870000
2016-07-04 00:11:53.129000,1.11297,1.11293,1000000,1870000
2016-07-04 00:11:53.640000,1.11296,1.11293,1000000,1500000
2016-07-04 00:11:54.145000,1.11297,1.11293,1000000,1500000
2016-07-04 00:11:54.688000,1.11297,1.11292,1000000,1950000
2016-07-04 00:11:57.326000,1.11297,1.11292,1500000,2100000
2016-07-04 00:11:57.630000,1.11294,1.11291,1000000,1870000
2016-07-04 00:12:00.284000,1.11294,1.11290,1000000,1950000
2016-07-04 00:12:00.791000,1.11296,1.11290,3070000,1950000
2016-07-04 00:12:01.297000,1.11295,1.11290,2250000,1950000
2016-07-04 00:12:02.698000,1.11296,1.11290,3820000,1950000
2016-07-04 00:12:02.800000,1.11296,1.11292,1500000,1500000
2016-07-04 00:12:04.966000,1.11296,1.11292,1000000,1870000
2016-07-04 00:12:13.128000,1.11298,1.11292,1570000,2700000
2016-07-04 00:12:15.377000,1.11298,1.11294,2320000,1000000
2016-07-04 00:12:15.878000,1.11297,1.11294,1000000,1000000
2016-07-04 00:12:17.532000,1.11296,1.11294,1000000,1000000
2016-07-04 00:12:18.037000,1.11296,1.11293,1000000,1870000
2016-07-04 00:12:18.884000,1.11296,1.11294,1000000,1000000
2016-07-04 00:12:20.594000,1.11296,1.11293,1000000,1870000
2016-07-04 00:12:21.735000,1.11297,1.11293,1000000,1870000
2016-07-04 00:12:21.887000,1.11294,1.11291,1000000,3370000
2016-07-04 00:12:22.411000,1.11295,1.11291,1000000,3000000
2016-07-04 00:12:22.733000,1.11297,1.11291,1000000,2250000
2016-07-04 00:12:23.643000,1.11295,1.11291,1000000,2250000
2016-07-04 00:12:24.049000,1.11297,1.11291,1100000,2700000
2016-07-04 00:12:24.252000,1.11295,1.11291,1000000,2700000
2016-07-04 00:12:24.455000,1.11297,1.11291,1100000,2700000
2016-07-04 00:12:26.002000,1.11297,1.11291,1570000,1950000
2016-07-04 00:12:28.060000,1.11296,1.11291,1000000,1950000
2016-07-04 00:12:28.991000,1.11296,1.11291,1000000,2700000
2016-07-04 00:12:30.061000,1.11297,1.11291,1100000,1950000
2016-07-04 00:12:30.573000,1.11296,1.11291,1000000,1470000
2016-07-04 00:12:33.968000,1.11297,1.11291,1100000,1470000
2016-07-04 00:12:35.128000,1.11297,1.11291,1570000,2320000
2016-07-04 00:12:35.432000,1.11295,1.11291,1000000,2320000
2016-07-04 00:12:39.133000,1.11295,1.11291,1000000,1470000
2016-07-04 00:12:40.919000,1.11296,1.11292,1000000,1200000
2016-07-04 00:12:41.438000,1.11297,1.11292,1000000,1570000
2016-07-04 00:12:44.049000,1.11296,1.11292,1000000,1100000
2016-07-04 00:12:49.365000,1.11297,1.11291,1500000,1370000
2016-07-04 00:12:50.113000,1.11296,1.11292,1000000,1120000
2016-07-04 00:12:50.318000,1.11296,1.11290,1500000,2700000
2016-07-04 00:12:50.472000,1.11293,1.11290,1000000,1200000
2016-07-04 00:12:51.921000,1.11293,1.11291,1500000,1000000
2016-07-04 00:12:52.471000,1.11293,1.11290,1500000,1570000
2016-07-04 00:12:52.974000,1.11292,1.11290,1000000,1570000
2016-07-04 00:12:53.575000,1.11291,1.11290,1000000,1500000
2016-07-04 00:12:54.084000,1.11290,1.11287,1000000,1470000
2016-07-04 00:12:54.625000,1.11290,1.11287,1000000,1470000
2016-07-04 00:13:01.139000,1.11291,1.11287,1000000,1470000
2016-07-04 00:13:02.442000,1.11293,1.11291,1570000,1000000
2016-07-04 00:13:02.968000,1.11294,1.11292,1500000,1000000
2016-07-04 00:13:06.283000,1.11295,1.11292,1570000,1000000
2016-07-04 00:13:06.803000,1.11295,1.11293,1100000,1000000
2016-07-04 00:13:07.777000,1.11294,1.11293,1000000,1000000
2016-07-04 00:13:12.036000,1.11294,1.11292,1000000,1500000
2016-07-04 00:13:13.766000,1.11294,1.11293,1000000,1000000
2016-07-04 00:13:14.956000,1.11294,1.11292,1000000,1000000
2016-07-04 00:13:15.482000,1.11295,1.11292,1100000,1000000
2016-07-04 00:13:17.079000,1.11294,1.11292,1000000,1500000
2016-07-04 00:13:18.479000,1.11295,1.11293,2320000,1000000
2016-07-04 00:13:18.986000,1.11296,1.11293,1100000,1000000
2016-07-04 00:13:19.644000,1.11297,1.11293,1100000,1000000
2016-07-04 00:13:21.086000,1.11295,1.11293,1000000,1500000
2016-07-04 00:13:21.587000,1.11297,1.11293,1570000,1500000
2016-07-04 00:13:22.144000,1.11297,1.11294,1100000,1000000
2016-07-04 00:13:24.547000,1.11297,1.11291,1570000,3450000
2016-07-04 00:13:25.054000,1.11297,1.11290,3070000,6000000
2016-07-04 00:13:25.257000,1.11295,1.11290,1500000,3000000
2016-07-04 00:13:25.773000,1.11295,1.11289,2250000,8850000
2016-07-04 00:13:27.460000,1.11294,1.11289,1500000,1350000
2016-07-04 00:13:27.613000,1.11293,1.11287,1870000,4610000
2016-07-04 00:13:27.714000,1.11291,1.11288,1100000,1000000
2016-07-04 00:13:27.766000,1.11291,1.11284,1570000,5250000
2016-07-04 00:13:28.272000,1.11290,1.11284,1100000,2700000
2016-07-04 00:13:29.109000,1.11290,1.11284,1100000,1950000
2016-07-04 00:13:30.246000,1.11290,1.11284,1100000,1200000
2016-07-04 00:13:31.115000,1.11291,1.11284,1120000,1950000
2016-07-04 00:13:32.113000,1.11291,1.11284,1120000,1950000
2016-07-04 00:13:32.770000,1.11291,1.11285,1870000,1000000
2016-07-04 00:13:46.231000,1.11292,1.11288,3750000,1000000
2016-07-04 00:13:46.333000,1.11294,1.11288,3750000,1500000
2016-07-04 00:13:46.841000,1.11294,1.11288,3450000,1570000
2016-07-04 00:13:47.553000,1.11294,1.11289,3070000,1000000
2016-07-04 00:13:53.681000,1.11294,1.11290,1500000,1500000
2016-07-04 00:13:53.784000,1.11296,1.11290,2700000,3820000
2016-07-04 00:13:54.290000,1.11296,1.11290,1100000,6070000
2016-07-04 00:13:58.080000,1.11297,1.11291,1100000,2320000
2016-07-04 00:14:00.460000,1.11297,1.11292,1100000,1000000
2016-07-04 00:14:08.661000,1.11295,1.11292,1000000,1000000
2016-07-04 00:14:11.764000,1.11293,1.11291,1000000,1000000
2016-07-04 00:14:12.068000,1.11291,1.11289,2250000,1500000
2016-07-04 00:14:12.171000,1.11291,1.11289,1000000,1500000
2016-07-04 00:14:12.471000,1.11294,1.11289,2250000,1500000
2016-07-04 00:14:13.979000,1.11293,1.11289,1500000,1500000
2016-07-04 00:14:18.385000,1.11294,1.11289,2250000,1500000
2016-07-04 00:14:20.483000,1.11293,1.11289,1500000,1870000
2016-07-04 00:14:21.882000,1.11295,1.11289,2250000,1500000
2016-07-04 00:14:23.950000,1.11293,1.11289,1000000,2250000
2016-07-04 00:14:24.558000,1.11293,1.11287,1500000,6750000
2016-07-04 00:14:29.980000,1.11294,1.11287,3750000,6750000
2016-07-04 00:14:32.770000,1.11295,1.11289,4200000,1200000
2016-07-04 00:14:34.712000,1.11294,1.11289,1000000,1570000
2016-07-04 00:14:35.501000,1.11294,1.11289,1000000,5320000
2016-07-04 00:14:35.654000,1.11296,1.11289,3820000,7870000
2016-07-04 00:14:36.504000,1.11295,1.11289,3000000,3750000
2016-07-04 00:14:37.900000,1.11294,1.11288,1000000,2620000
2016-07-04 00:14:38.405000,1.11294,1.11287,1120000,8620000
2016-07-04 00:14:38.996000,1.11293,1.11287,1000000,7870000
2016-07-04 00:14:40.883000,1.11294,1.11287,1500000,8620000
2016-07-04 00:14:42.091000,1.11293,1.11287,1000000,7870000
2016-07-04 00:14:46.801000,1.11293,1.11288,1000000,1200000
2016-07-04 00:14:47.054000,1.11291,1.11287,1000000,1100000
2016-07-04 00:14:47.560000,1.11291,1.11285,3000000,1500000
2016-07-04 00:14:48.252000,1.11291,1.11286,1870000,1000000
2016-07-04 00:14:49.112000,1.11291,1.11285,1870000,1870000
2016-07-04 00:14:50.801000,1.11291,1.11285,1950000,1100000
2016-07-04 00:14:51.381000,1.11291,1.11285,1870000,1120000
2016-07-04 00:14:52.473000,1.11288,1.11284,1000000,3450000
2016-07-04 00:14:52.675000,1.11287,1.11283,1500000,1100000
2016-07-04 00:14:53.965000,1.11287,1.11281,1500000,4500000
2016-07-04 00:15:00.113000,1.11287,1.11283,2250000,1000000
2016-07-04 00:15:00.618000,1.11284,1.11281,1000000,3370000
2016-07-04 00:15:00.923000,1.11287,1.11281,3000000,2250000
2016-07-04 00:15:01.489000,1.11287,1.11281,3070000,1950000
2016-07-04 00:15:02.490000,1.11287,1.11283,3070000,1000000
2016-07-04 00:15:02.643000,1.11289,1.11284,3070000,1000000
2016-07-04 00:15:03.167000,1.11290,1.11284,1950000,1100000
2016-07-04 00:15:04.676000,1.11290,1.11285,3000000,1100000
2016-07-04 00:15:06.291000,1.11291,1.11285,1100000,2700000
2016-07-04 00:15:06.746000,1.11291,1.11287,1100000,1000000
2016-07-04 00:15:07.327000,1.11293,1.11289,1500000,1500000
2016-07-04 00:15:07.517000,1.11294,1.11289,1100000,1000000
2016-07-04 00:15:08.824000,1.11294,1.11288,1100000,1950000
2016-07-04 00:15:13.077000,1.11294,1.11288,1100000,1960000
2016-07-04 00:15:13.603000,1.11294,1.11288,5250000,1510000
2016-07-04 00:15:14.261000,1.11293,1.11288,1100000,1010000
2016-07-04 00:15:14.767000,1.11293,1.11288,1200000,1010000
2016-07-04 00:15:15.403000,1.11293,1.11288,1200000,1010000
2016-07-04 00:15:18.394000,1.11294,1.11288,7500000,1010000
2016-07-04 00:15:19.294000,1.11294,1.11288,6000000,1010000
2016-07-04 00:15:20.282000,1.11294,1.11288,6000000,1010000
2016-07-04 00:15:22.365000,1.11293,1.11288,1950000,1010000
2016-07-04 00:15:23.191000,1.11294,1.11288,5250000,1010000
2016-07-04 00:15:25.366000,1.11294,1.11288,3750000,1510000
2016-07-04 00:15:25.882000,1.11294,1.11290,2620000,1000000
2016-07-04 00:15:26.429000,1.11294,1.11289,1100000,1010000
2016-07-04 00:15:33.256000,1.11295,1.11291,3000000,1000000
2016-07-04 00:15:33.643000,1.11295,1.11289,2700000,1570000
2016-07-04 00:15:34.149000,1.11295,1.11289,2700000,1580000
2016-07-04 00:15:35.032000,1.11295,1.11290,1200000,1000000
2016-07-04 00:15:35.539000,1.11295,1.11290,3370000,1000000
2016-07-04 00:15:36.247000,1.11295,1.11289,3750000,1000000
2016-07-04 00:15:39.825000,1.11293,1.11289,1000000,1010000
2016-07-04 00:15:40.345000,1.11293,1.11288,4120000,1510000
2016-07-04 00:15:53.458000,1.11297,1.11292,2250000,2250000
2016-07-04 00:15:53.610000,1.11299,1.11295,7870000,4500000
2016-07-04 00:15:53.661000,1.11301,1.11298,12300000,3000000
2016-07-04 00:15:54.016000,1.11304,1.11302,17020000,1000000
2016-07-04 00:15:54.652000,1.11302,1.11300,4120000,3000000
2016-07-04 00:15:55.159000,1.11304,1.11302,6370000,3250000
2016-07-04 00:15:55.262000,1.11304,1.11302,1500000,3370000
2016-07-04 00:15:55.364000,1.11306,1.11305,1000000,1000000
2016-07-04 00:15:55.516000,1.11306,1.11299,1500000,2700000
2016-07-04 00:15:56.147000,1.11305,1.11298,1000000,4720000
2016-07-04 00:15:59.802000,1.11303,1.11298,1000000,2250000
2016-07-04 00:16:00.306000,1.11303,1.11297,4500000,1000000
2016-07-04 00:16:00.918000,1.11302,1.11296,2320000,1100000
2016-07-04 00:16:01.425000,1.11302,1.11295,2620000,2700000
2016-07-04 00:16:05.760000,1.11302,1.11299,2620000,3000000
2016-07-04 00:16:05.913000,1.11304,1.11298,3820000,1200000
2016-07-04 00:16:06.420000,1.11304,1.11297,3750000,1200000
2016-07-04 00:16:10.295000,1.11302,1.11297,1870000,1570000
2016-07-04 00:16:10.548000,1.11302,1.11294,5250000,3000000
2016-07-04 00:16:13.676000,1.11302,1.11296,4870000,1000000
2016-07-04 00:16:13.930000,1.11303,1.11297,2320000,1100000
2016-07-04 00:16:15.787000,1.11304,1.11297,3370000,1470000
2016-07-04 00:16:30.904000,1.11303,1.11297,1100000,1950000
2016-07-04 00:16:33.096000,1.11303,1.11298,1100000,1000000
2016-07-04 00:16:54.095000,1.11304,1.11300,1950000,1000000
2016-07-04 00:17:08.836000,1.11307,1.11301,3370000,1500000
2016-07-04 00:17:09.342000,1.11307,1.11302,1500000,1500000
2016-07-04 00:17:09.847000,1.11307,1.11302,1000000,1500000
2016-07-04 00:17:10.151000,1.11307,1.11304,1000000,1870000
2016-07-04 00:17:10.543000,1.11309,1.11307,1000000,1570000
2016-07-04 00:17:10.595000,1.11311,1.11307,1000000,1570000
2016-07-04 00:17:10.849000,1.11313,1.11307,4200000,1570000
2016-07-04 00:17:10.951000,1.11311,1.11307,1000000,1570000
2016-07-04 00:17:11.103000,1.11313,1.11307,1950000,1570000
2016-07-04 00:17:11.205000,1.11311,1.11307,1000000,1000000
2016-07-04 00:17:11.848000,1.11312,1.11307,1570000,1000000
2016-07-04 00:17:12.354000,1.11312,1.11306,2700000,1100000
2016-07-04 00:17:12.709000,1.11310,1.11307,1870000,1000000
2016-07-04 00:17:13.315000,1.11309,1.11307,1870000,1000000
2016-07-04 00:17:13.620000,1.11311,1.11307,1870000,1000000
2016-07-04 00:17:15.121000,1.11310,1.11307,1870000,2620000
2016-07-04 00:17:15.627000,1.11312,1.11307,1950000,2620000
2016-07-04 00:17:16.144000,1.11311,1.11308,1870000,1000000
2016-07-04 00:17:17.038000,1.11309,1.11307,1870000,1500000
2016-07-04 00:17:17.191000,1.11309,1.11305,1870000,1100000
2016-07-04 00:17:18.329000,1.11308,1.11305,1870000,1100000
2016-07-04 00:17:21.776000,1.11309,1.11303,1870000,8260000
2016-07-04 00:17:23.140000,1.11309,1.11303,1870000,4880000
2016-07-04 00:17:27.032000,1.11309,1.11303,1870000,1880000
2016-07-04 00:17:27.615000,1.11309,1.11303,1870000,1880000
2016-07-04 00:17:31.031000,1.11310,1.11304,2320000,1110000
2016-07-04 00:17:32.145000,1.11310,1.11304,5320000,1110000
2016-07-04 00:17:32.327000,1.11308,1.11302,1870000,3750000
2016-07-04 00:17:33.259000,1.11307,1.11301,5250000,3750000
2016-07-04 00:17:36.055000,1.11307,1.11301,7120000,1120000
2016-07-04 00:17:43.732000,1.11307,1.11301,2320000,1000000
2016-07-04 00:17:44.036000,1.11305,1.11300,1570000,4200000
2016-07-04 00:17:46.250000,1.11306,1.11301,4120000,1000000
2016-07-04 00:17:46.453000,1.11307,1.11301,4200000,1100000
2016-07-04 00:17:46.915000,1.11309,1.11303,1470000,1100000
2016-07-04 00:17:47.168000,1.11310,1.11304,4200000,1100000
2016-07-04 00:17:48.630000,1.11309,1.11304,1000000,1100000
2016-07-04 00:17:49.163000,1.11309,1.11302,2700000,3750000
2016-07-04 00:17:49.669000,1.11308,1.11302,1000000,2250000
2016-07-04 00:17:50.644000,1.11309,1.11303,1950000,1100000
2016-07-04 00:17:55.178000,1.11309,1.11304,1950000,1000000
2016-07-04 00:17:57.520000,1.11308,1.11304,1000000,1000000
2016-07-04 00:17:57.823000,1.11306,1.11302,1000000,1120000
2016-07-04 00:17:58.129000,1.11308,1.11302,2170000,1500000
2016-07-04 00:17:58.535000,1.11309,1.11303,1870000,1870000
2016-07-04 00:17:59.496000,1.11310,1.11304,3450000,1570000
2016-07-04 00:18:00.002000,1.11310,1.11305,2700000,1000000
2016-07-04 00:18:10.474000,1.11307,1.11305,2250000,1000000
2016-07-04 00:18:16.898000,1.11307,1.11302,2250000,7130000
2016-07-04 00:18:22.565000,1.11307,1.11303,2250000,1580000
2016-07-04 00:18:23.106000,1.11307,1.11303,2250000,1580000
2016-07-04 00:18:23.983000,1.11308,1.11303,2250000,1580000
2016-07-04 00:18:26.572000,1.11310,1.11309,3450000,1000000
2016-07-04 00:18:27.089000,1.11311,1.11309,3750000,2500000
2016-07-04 00:18:28.169000,1.11311,1.11310,1950000,1000000
2016-07-04 00:18:31.206000,1.11312,1.11309,3000000,1500000
2016-07-04 00:18:31.754000,1.11312,1.11309,1200000,1500000
2016-07-04 00:18:32.312000,1.11313,1.11311,5320000,1000000
2016-07-04 00:18:32.662000,1.11316,1.11313,1120000,1000000
2016-07-04 00:18:34.142000,1.11314,1.11312,4570000,1000000
2016-07-04 00:18:34.649000,1.11313,1.11311,1100000,1000000
2016-07-04 00:18:35.155000,1.11315,1.11312,3750000,1000000
2016-07-04 00:18:38.546000,1.11313,1.11311,4120000,1000000
2016-07-04 00:18:38.597000,1.11313,1.11310,4200000,1500000
2016-07-04 00:18:39.151000,1.11313,1.11311,2400000,1000000
2016-07-04 00:18:39.709000,1.11314,1.11311,1200000,1000000
2016-07-04 00:18:40.215000,1.11315,1.11312,5250000,1000000
2016-07-04 00:18:42.110000,1.11315,1.11312,1200000,1000000
2016-07-04 00:18:42.621000,1.11316,1.11312,1100000,1000000
2016-07-04 00:18:46.792000,1.11315,1.11312,1000000,1000000
2016-07-04 00:18:47.437000,1.11317,1.11314,2620000,1000000
2016-07-04 00:18:48.399000,1.11318,1.11314,4500000,1000000
2016-07-04 00:18:49.118000,1.11318,1.11313,3370000,1000000
2016-07-04 00:18:49.220000,1.11314,1.11311,2500000,1950000
2016-07-04 00:18:49.373000,1.11311,1.11309,1000000,2700000
2016-07-04 00:18:54.633000,1.11310,1.11308,1500000,1500000
2016-07-04 00:18:54.685000,1.11310,1.11305,1500000,5630000
2016-07-04 00:18:56.571000,1.11310,1.11307,1000000,1000000
2016-07-04 00:18:57.077000,1.11310,1.11307,1000000,3370000
2016-07-04 00:18:58.242000,1.11311,1.11309,1000000,1000000
2016-07-04 00:18:59.225000,1.11312,1.11309,1500000,1100000
2016-07-04 00:19:03.331000,1.11313,1.11309,1000000,3070000
2016-07-04 00:19:03.585000,1.11314,1.11310,1000000,1870000
2016-07-04 00:19:04.391000,1.11314,1.11310,1000000,1000000
2016-07-04 00:19:05.135000,1.11314,1.11309,1500000,3450000
2016-07-04 00:19:05.628000,1.11314,1.11312,1000000,1000000
2016-07-04 00:19:05.932000,1.11317,1.11314,1120000,1000000
2016-07-04 00:19:11.800000,1.11317,1.11316,1120000,1500000
2016-07-04 00:19:12.104000,1.11325,1.11323,1000000,5850000
2016-07-04 00:19:12.312000,1.11326,1.11323,1000000,1650000
2016-07-04 00:19:12.373000,1.11326,1.11322,1000000,1200000
2016-07-04 00:19:12.879000,1.11327,1.11323,1100000,1000000
2016-07-04 00:19:13.441000,1.11327,1.11321,1000000,5250000
2016-07-04 00:19:13.956000,1.11327,1.11323,1000000,1000000
2016-07-04 00:19:18.736000,1.11328,1.11322,2400000,1100000
2016-07-04 00:19:19.405000,1.11326,1.11322,1000000,1100000
2016-07-04 00:19:19.759000,1.11327,1.11324,1200000,1000000
2016-07-04 00:19:20.339000,1.11327,1.11324,1200000,1000000
2016-07-04 00:19:22.278000,1.11327,1.11324,1120000,1000000
2016-07-04 00:19:22.783000,1.11328,1.11325,4800000,1000000
2016-07-04 00:19:26.551000,1.11328,1.11324,4050000,1000000
2016-07-04 00:19:27.053000,1.11328,1.11325,4050000,1000000
2016-07-04 00:19:29.190000,1.11328,1.11324,4050000,1000000
2016-07-04 00:19:29.494000,1.11330,1.11327,3000000,1000000
2016-07-04 00:19:29.873000,1.11331,1.11329,1200000,1000000
2016-07-04 00:19:30.078000,1.11331,1.11328,1200000,1000000
2016-07-04 00:19:32.187000,1.11331,1.11328,1100000,1000000
2016-07-04 00:19:35.758000,1.11331,1.11327,1100000,1000000
2016-07-04 00:19:35.961000,1.11331,1.11325,3000000,1500000
2016-07-04 00:19:36.063000,1.11327,1.11325,1000000,1000000
2016-07-04 00:19:40.941000,1.11330,1.11325,1200000,1000000
2016-07-04 00:19:43.362000,1.11331,1.11326,4120000,1000000
2016-07-04 00:19:45.348000,1.11331,1.11327,3370000,1000000
2016-07-04 00:19:48.187000,1.11330,1.11326,1100000,1000000
2016-07-04 00:19:49.383000,1.11331,1.11328,3000000,1000000
2016-07-04 00:19:51.694000,1.11331,1.11327,1120000,1000000
2016-07-04 00:19:53.783000,1.11331,1.11328,1120000,1000000
2016-07-04 00:19:55.806000,1.11332,1.11327,1870000,1000000
2016-07-04 00:19:56.338000,1.11331,1.11326,1870000,1000000
2016-07-04 00:19:56.844000,1.11331,1.11325,1870000,1120000
2016-07-04 00:20:00.172000,1.11329,1.11325,1500000,1000000
2016-07-04 00:20:00.325000,1.11329,1.11323,2700000,1100000
2016-07-04 00:20:00.830000,1.11329,1.11322,3000000,4200000
2016-07-04 00:20:01.311000,1.11329,1.11322,5250000,4420000
2016-07-04 00:20:01.907000,1.11328,1.11322,1100000,3450000
2016-07-04 00:20:02.410000,1.11328,1.11322,1100000,3450000
2016-07-04 00:20:11.069000,1.11328,1.11322,1220000,4200000
2016-07-04 00:20:11.625000,1.11328,1.11323,1220000,1000000
2016-07-04 00:20:12.146000,1.11328,1.11323,1220000,1300000
2016-07-04 00:20:13.304000,1.11330,1.11326,6020000,1000000
2016-07-04 00:20:13.762000,1.11331,1.11328,2700000,1000000
2016-07-04 00:20:15.815000,1.11331,1.11328,1000000,1000000
2016-07-04 00:20:16.321000,1.11332,1.11328,4500000,1000000
2016-07-04 00:20:18.055000,1.11332,1.11326,3370000,1000000
2016-07-04 00:20:20.125000,1.11332,1.11324,7870000,3750000
2016-07-04 00:20:20.806000,1.11332,1.11325,10120000,1000000
2016-07-04 00:20:21.312000,1.11331,1.11326,2250000,1000000
2016-07-04 00:20:21.741000,1.11331,1.11327,4490000,1000000
2016-07-04 00:20:21.842000,1.11331,1.11326,4490000,1000000
2016-07-04 00:20:22.260000,1.11329,1.11324,4120000,1100000
2016-07-04 00:20:22.817000,1.11329,1.11322,15450000,2250000
2016-07-04 00:20:23.323000,1.11328,1.11322,4800000,1950000
2016-07-04 00:20:26.517000,1.11328,1.11322,1200000,1570000
2016-07-04 00:20:27.330000,1.11328,1.11323,1950000,1000000
2016-07-04 00:20:27.864000,1.11328,1.11322,3820000,1570000
2016-07-04 00:20:29.381000,1.11328,1.11321,7570000,2250000
2016-07-04 00:20:40.166000,1.11327,1.11321,1950000,1570000
2016-07-04 00:20:50.257000,1.11326,1.11321,1000000,1570000
2016-07-04 00:20:50.561000,1.11323,1.11321,2470000,1000000
2016-07-04 00:20:50.764000,1.11321,1.11318,1000000,1870000
2016-07-04 00:20:51.865000,1.11323,1.11318,1120000,1500000
2016-07-04 00:20:55.462000,1.11323,1.11319,1120000,1000000
2016-07-04 00:20:56.281000,1.11318,1.11316,1000000,5320000
2016-07-04 00:20:56.788000,1.11318,1.11317,1500000,1000000
2016-07-04 00:20:57.093000,1.11316,1.11315,1500000,1500000
2016-07-04 00:21:04.863000,1.11317,1.11316,1500000,1000000
2016-07-04 00:21:09.052000,1.11318,1.11317,1000000,1000000
2016-07-04 00:21:09.582000,1.11318,1.11317,1000000,1000000
2016-07-04 00:21:10.561000,1.11319,1.11317,1500000,1000000
2016-07-04 00:21:11.493000,1.11318,1.11316,1500000,1000000
2016-07-04 00:21:12.386000,1.11319,1.11317,3000000,1000000
2016-07-04 00:21:12.993000,1.11318,1.11317,1000000,1000000
2016-07-04 00:21:17.548000,1.11319,1.11317,1000000,1000000
2016-07-04 00:21:20.606000,1.11319,1.11316,1500000,1000000
2016-07-04 00:21:21.469000,1.11319,1.11317,1000000,1000000
2016-07-04 00:21:22.610000,1.11319,1.11318,1000000,1000000
2016-07-04 00:21:23.132000,1.11320,1.11318,3000000,1000000
2016-07-04 00:21:25.435000,1.11320,1.11318,1000000,1000000
2016-07-04 00:21:25.890000,1.11323,1.11321,3070000,1000000
2016-07-04 00:21:26.400000,1.11322,1.11321,1000000,1000000
2016-07-04 00:21:27.007000,1.11322,1.11321,1000000,1000000
2016-07-04 00:21:27.826000,1.11324,1.11322,1000000,1000000
2016-07-04 00:21:27.877000,1.11325,1.11323,1570000,1000000
2016-07-04 00:21:29.144000,1.11324,1.11323,1000000,1000000
2016-07-04 00:21:29.932000,1.11325,1.11323,1000000,1000000
2016-07-04 00:21:31.930000,1.11325,1.11322,1000000,1100000
2016-07-04 00:21:32.896000,1.11325,1.11323,1000000,1000000
2016-07-04 00:21:36.345000,1.11325,1.11322,1000000,1100000
2016-07-04 00:21:36.933000,1.11326,1.11322,1500000,1100000
2016-07-04 00:21:38.682000,1.11325,1.11322,1000000,1000000
2016-07-04 00:21:39.749000,1.11326,1.11322,1500000,1000000
2016-07-04 00:21:42.300000,1.11324,1.11322,1000000,1000000
2016-07-04 00:21:42.604000,1.11319,1.11318,1000000,4120000
2016-07-04 00:21:42.910000,1.11315,1.11314,3000000,1100000
2016-07-04 00:21:43.064000,1.11312,1.11310,3250000,7120000
2016-07-04 00:21:43.115000,1.11312,1.11310,3250000,3750000
2016-07-04 00:21:43.877000,1.11317,1.11312,1570000,1500000
2016-07-04 00:21:44.383000,1.11318,1.11313,2250000,1000000
2016-07-04 00:21:44.929000,1.11318,1.11314,1500000,1000000
2016-07-04 00:21:50.116000,1.11318,1.11313,1500000,1000000
2016-07-04 00:21:52.021000,1.11318,1.11314,1200000,1000000
2016-07-04 00:21:52.225000,1.11319,1.11316,1470000,1000000
2016-07-04 00:21:53.175000,1.11320,1.11316,4120000,1000000
2016-07-04 00:22:09.163000,1.11321,1.11317,5250000,1000000
2016-07-04 00:22:10.263000,1.11321,1.11316,4870000,1000000
2016-07-04 00:22:13.842000,1.11321,1.11317,5250000,1000000
2016-07-04 00:22:13.943000,1.11321,1.11315,6000000,1000000
2016-07-04 00:22:15.780000,1.11321,1.11317,5250000,1000000
2016-07-04 00:22:16.286000,1.11321,1.11317,3450000,1000000
2016-07-04 00:22:16.680000,1.11324,1.11323,1000000,1000000
2016-07-04 00:22:16.782000,1.11328,1.11325,3070000,1000000
2016-07-04 00:22:16.883000,1.11331,1.11327,1570000,1000000
2016-07-04 00:22:17.086000,1.11331,1.11329,1000000,1000000
2016-07-04 00:22:17.654000,1.11331,1.11329,1000000,1000000
2016-07-04 00:22:17.706000,1.11334,1.11331,3370000,1000000
2016-07-04 00:22:18.212000,1.11333,1.11330,1500000,1000000
2016-07-04 00:22:18.435000,1.11333,1.11328,1000000,1100000
2016-07-04 00:22:19.788000,1.11332,1.11328,1000000,1100000
2016-07-04 00:22:21.074000,1.11333,1.11328,1000000,1100000
2016-07-04 00:22:25.505000,1.11332,1.11328,1000000,1100000
2016-07-04 00:22:28.328000,1.11333,1.11328,1000000,1100000
2016-07-04 00:22:32.068000,1.11332,1.11328,1000000,1100000
2016-07-04 00:22:32.120000,1.11330,1.11328,1000000,1100000
2016-07-04 00:22:32.476000,1.11330,1.11325,1120000,1100000
2016-07-04 00:22:33.309000,1.11330,1.11324,1200000,1200000
2016-07-04 00:22:44.499000,1.11330,1.11325,1950000,1000000
2016-07-04 00:23:02.322000,1.11331,1.11326,2620000,1000000
2016-07-04 00:23:02.827000,1.11331,1.11325,3000000,1500000
2016-07-04 00:23:08.820000,1.11331,1.11327,3000000,1000000
2016-07-04 00:23:09.023000,1.11333,1.11327,10870000,1000000
2016-07-04 00:23:11.027000,1.11331,1.11327,1000000,1000000
2016-07-04 00:23:12.028000,1.11332,1.11327,2320000,1000000
2016-07-04 00:23:12.533000,1.11332,1.11328,1570000,1000000
2016-07-04 00:23:13.950000,1.11332,1.11327,1570000,1000000
2016-07-04 00:23:16.018000,1.11331,1.11327,1000000,1000000
2016-07-04 00:23:18.587000,1.11330,1.11327,1000000,1000000
2016-07-04 00:23:18.841000,1.11330,1.11325,3370000,2250000
2016-07-04 00:23:19.462000,1.11330,1.11325,3450000,2250000
2016-07-04 00:23:22.661000,1.11330,1.11325,6820000,1500000
2016-07-04 00:23:24.347000,1.11330,1.11326,4950000,1000000
2016-07-04 00:23:24.938000,1.11330,1.11325,4950000,1500000
2016-07-04 00:23:25.696000,1.11330,1.11325,4570000,1370000
2016-07-04 00:23:27.805000,1.11330,1.11325,3820000,1870000
2016-07-04 00:23:28.788000,1.11330,1.11325,3820000,2250000
2016-07-04 00:23:30.869000,1.11330,1.11325,3070000,1870000
2016-07-04 00:23:31.888000,1.11330,1.11326,3070000,1000000
2016-07-04 00:23:32.416000,1.11330,1.11328,1100000,1120000
2016-07-04 00:23:32.669000,1.11332,1.11328,1570000,1120000
2016-07-04 00:23:33.175000,1.11332,1.11328,1570000,1370000
2016-07-04 00:23:34.768000,1.11332,1.11327,1100000,1370000
2016-07-04 00:23:37.778000,1.11332,1.11327,1100000,1370000
2016-07-04 00:23:44.107000,1.11332,1.11326,2320000,1950000
2016-07-04 00:23:44.209000,1.11331,1.11326,5620000,1120000
2016-07-04 00:23:44.714000,1.11330,1.11325,1000000,1370000
2016-07-04 00:23:47.447000,1.11331,1.11325,4120000,1370000
2016-07-04 00:23:48.952000,1.11330,1.11326,1000000,1120000
2016-07-04 00:23:50.165000,1.11331,1.11326,4500000,1120000
2016-07-04 00:23:51.065000,1.11331,1.11326,6000000,1120000
2016-07-04 00:23:52.215000,1.11330,1.11325,1870000,1120000
2016-07-04 00:23:54.981000,1.11330,1.11324,6370000,1370000
2016-07-04 00:23:55.487000,1.11329,1.11322,2620000,2700000
2016-07-04 00:23:58.233000,1.11328,1.11323,1570000,1120000
2016-07-04 00:23:58.783000,1.11328,1.11324,1570000,1000000
2016-07-04 00:24:00.316000,1.11328,1.11325,1100000,1000000
2016-07-04 00:24:03.197000,1.11328,1.11324,1100000,1120000
2016-07-04 00:24:05.019000,1.11329,1.11325,1870000,1000000
2016-07-04 00:24:05.996000,1.11329,1.11326,2620000,1000000
2016-07-04 00:24:06.533000,1.11329,1.11325,1870000,1120000
2016-07-04 00:24:07.036000,1.11329,1.11326,1120000,1000000
2016-07-04 00:24:07.793000,1.11329,1.11325,1500000,1120000
2016-07-04 00:24:08.517000,1.11329,1.11326,1500000,1000000
2016-07-04 00:24:09.209000,1.11330,1.11325,7870000,1720000
2016-07-04 00:24:10.862000,1.11330,1.11325,5620000,2100000
2016-07-04 00:24:12.295000,1.11330,1.11326,1870000,1350000
2016-07-04 00:24:12.803000,1.11331,1.11327,4120000,1120000
2016-07-04 00:24:13.985000,1.11330,1.11325,1100000,1500000
2016-07-04 00:24:15.446000,1.11330,1.11325,1100000,1120000
2016-07-04 00:24:20.410000,1.11330,1.11325,1100000,1370000
2016-07-04 00:24:21.387000,1.11330,1.11325,1100000,1500000
2016-07-04 00:24:22.390000,1.11330,1.11325,1100000,1500000
2016-07-04 00:24:23.382000,1.11330,1.11325,1100000,1500000
2016-07-04 00:24:35.418000,1.11330,1.11325,1100000,2100000
2016-07-04 00:24:39.470000,1.11330,1.11325,1200000,2100000
2016-07-04 00:24:41.447000,1.11330,1.11325,1200000,2100000
2016-07-04 00:24:43.312000,1.11331,1.11325,3750000,2850000
2016-07-04 00:24:49.386000,1.11330,1.11326,1000000,1120000
2016-07-04 00:24:49.437000,1.11329,1.11324,1000000,1100000
2016-07-04 00:24:49.782000,1.11327,1.11323,1000000,1100000
2016-07-04 00:24:51.096000,1.11328,1.11323,4350000,1100000
2016-07-04 00:24:51.625000,1.11327,1.11323,1000000,1000000
2016-07-04 00:24:54.428000,1.11327,1.11322,1500000,1100000
2016-07-04 00:24:54.941000,1.11327,1.11323,1500000,1000000
2016-07-04 00:25:03.055000,1.11327,1.11322,1870000,1100000
2016-07-04 00:25:03.561000,1.11327,1.11322,6000000,1100000
2016-07-04 00:25:09.755000,1.11327,1.11322,7120000,1100000
2016-07-04 00:25:10.491000,1.11326,1.11321,1500000,3300000
2016-07-04 00:25:15.416000,1.11323,1.11320,2500000,8250000
2016-07-04 00:25:15.721000,1.11311,1.11310,1500000,3600000
2016-07-04 00:25:15.772000,1.11311,1.11310,1000000,3670000
2016-07-04 00:25:15.825000,1.11313,1.11311,3000000,1050000
2016-07-04 00:25:15.959000,1.11312,1.11310,2250000,1870000
2016-07-04 00:25:16.429000,1.11310,1.11308,1000000,4800000
2016-07-04 00:25:16.483000,1.11313,1.11308,1000000,1200000
2016-07-04 00:25:19.039000,1.11313,1.11309,1100000,1000000
2016-07-04 00:25:19.550000,1.11314,1.11310,2700000,1000000
2016-07-04 00:25:20.360000,1.11313,1.11310,1120000,1000000
2016-07-04 00:25:20.866000,1.11313,1.11309,1950000,1120000
2016-07-04 00:25:27.944000,1.11312,1.11309,1000000,1000000
2016-07-04 00:25:28.450000,1.11312,1.11307,1100000,1120000
2016-07-04 00:25:30.134000,1.11311,1.11306,1000000,1470000
2016-07-04 00:25:33.141000,1.11310,1.11306,1000000,1470000
2016-07-04 00:25:33.192000,1.11308,1.11305,1000000,3750000
2016-07-04 00:25:33.719000,1.11308,1.11304,1500000,3300000
2016-07-04 00:25:35.157000,1.11308,1.11304,1500000,1800000
2016-07-04 00:25:44.288000,1.11308,1.11304,1500000,1100000
2016-07-04 00:25:45.476000,1.11308,1.11304,1500000,2330000
2016-07-04 00:25:46.194000,1.11307,1.11304,1000000,1580000
2016-07-04 00:25:46.700000,1.11308,1.11304,3000000,1500000
2016-07-04 00:25:48.464000,1.11308,1.11304,2620000,1500000
2016-07-04 00:25:48.767000,1.11303,1.11301,2500000,3370000
2016-07-04 00:25:49.952000,1.11304,1.11302,2500000,1870000
2016-07-04 00:25:51.182000,1.11304,1.11301,2500000,2250000
2016-07-04 00:25:51.778000,1.11305,1.11303,2250000,1000000
2016-07-04 00:25:51.880000,1.11307,1.11303,3000000,1000000
2016-07-04 00:25:51.931000,1.11307,1.11303,3370000,1000000
2016-07-04 00:26:00.177000,1.11307,1.11304,1000000,3980000
2016-07-04 00:26:00.350000,1.11310,1.11305,1950000,1350000
2016-07-04 00:26:00.882000,1.11309,1.11305,1000000,1000000
2016-07-04 00:26:02.769000,1.11308,1.11304,1500000,1100000
2016-07-04 00:26:06.914000,1.11308,1.11304,2250000,1100000
2016-07-04 00:26:12.910000,1.11308,1.11304,2250000,1100000
2016-07-04 00:26:14.827000,1.11309,1.11304,1870000,1430000
2016-07-04 00:26:29.991000,1.11308,1.11304,1000000,2930000
2016-07-04 00:26:30.093000,1.11306,1.11304,1000000,1420000
2016-07-04 00:26:30.705000,1.11307,1.11304,3370000,1350000
2016-07-04 00:26:31.212000,1.11306,1.11303,2250000,1130000
2016-07-04 00:26:32.429000,1.11306,1.11301,1870000,2630000
2016-07-04 00:26:32.733000,1.11305,1.11301,1210000,1870000
2016-07-04 00:26:32.835000,1.11303,1.11301,1660000,1120000
2016-07-04 00:26:33.450000,1.11303,1.11300,1660000,9370000
2016-07-04 00:26:34.877000,1.11303,1.11301,1660000,1100000
2016-07-04 00:26:35.316000,1.11306,1.11301,1120000,1100000
2016-07-04 00:26:36.870000,1.11307,1.11301,3820000,2920000
2016-07-04 00:26:40.379000,1.11307,1.11302,1000000,2850000
2016-07-04 00:26:48.831000,1.11306,1.11301,1000000,5100000
2016-07-04 00:26:49.337000,1.11306,1.11301,3000000,3750000
2016-07-04 00:26:49.843000,1.11305,1.11301,1120000,3750000
2016-07-04 00:26:53.283000,1.11306,1.11301,1870000,3370000
2016-07-04 00:27:01.582000,1.11305,1.11300,1000000,9600000
2016-07-04 00:27:01.998000,1.11305,1.11300,1120000,8170000
2016-07-04 00:27:04.654000,1.11305,1.11301,1120000,1000000
2016-07-04 00:27:05.261000,1.11305,1.11300,1120000,7570000
2016-07-04 00:27:06.764000,1.11305,1.11300,1120000,7950000
2016-07-04 00:27:09.891000,1.11306,1.11300,1200000,15670000
2016-07-04 00:27:10.397000,1.11307,1.11301,4120000,1500000
2016-07-04 00:27:11.537000,1.11307,1.11301,6000000,1500000
2016-07-04 00:27:13.489000,1.11306,1.11300,1120000,12750000
2016-07-04 00:27:23.849000,1.11307,1.11300,4200000,12000000
2016-07-04 00:27:24.355000,1.11307,1.11301,4950000,2550000
2016-07-04 00:27:28.863000,1.11307,1.11302,4570000,1300000
2016-07-04 00:27:33.486000,1.11307,1.11301,5250000,4350000
2016-07-04 00:27:33.991000,1.11307,1.11301,3820000,4050000
2016-07-04 00:27:36.470000,1.11307,1.11301,4200000,4050000
2016-07-04 00:27:41.524000,1.11306,1.11301,1500000,3300000
2016-07-04 00:27:50.343000,1.11307,1.11302,5320000,1350000
2016-07-04 00:27:53.035000,1.11307,1.11303,5320000,1000000
2016-07-04 00:27:54.351000,1.11307,1.11303,4950000,1000000
2016-07-04 00:27:54.453000,1.11306,1.11302,1500000,1000000
2016-07-04 00:27:55.583000,1.11306,1.11301,1500000,2550000
2016-07-04 00:28:00.994000,1.11306,1.11301,1370000,2550000
2016-07-04 00:28:03.004000,1.11306,1.11301,1120000,2550000
2016-07-04 00:28:05.119000,1.11307,1.11300,7570000,12370000
2016-07-04 00:28:05.932000,1.11306,1.11300,1370000,8620000
2016-07-04 00:28:09.511000,1.11306,1.11300,2250000,8620000
2016-07-04 00:28:12.156000,1.11306,1.11300,2620000,10120000
2016-07-04 00:28:12.702000,1.11304,1.11301,1120000,1050000
2016-07-04 00:28:13.209000,1.11305,1.11301,1120000,1050000
2016-07-04 00:28:20.731000,1.11306,1.11300,4120000,8250000
2016-07-04 00:28:21.237000,1.11306,1.11300,4120000,7500000
2016-07-04 00:28:42.813000,1.11306,1.11301,3370000,1050000
2016-07-04 00:28:43.800000,1.11306,1.11301,3370000,1050000
2016-07-04 00:28:45.185000,1.11306,1.11301,2620000,1050000
2016-07-04 00:29:14.818000,1.11306,1.11301,2620000,1800000
2016-07-04 00:29:19.958000,1.11306,1.11301,2620000,1800000
2016-07-04 00:29:20.862000,1.11306,1.11301,2620000,1800000
2016-07-04 00:29:21.381000,1.11306,1.11301,2620000,1800000
2016-07-04 00:29:22.026000,1.11306,1.11301,3000000,1800000
2016-07-04 00:29:22.894000,1.11306,1.11301,2620000,1800000
2016-07-04 00:29:28.505000,1.11306,1.11301,3000000,1800000
2016-07-04 00:29:33.005000,1.11306,1.11301,3000000,1800000
2016-07-04 00:29:33.525000,1.11306,1.11301,3000000,1050000
2016-07-04 00:29:34.076000,1.11306,1.11301,2620000,1050000
2016-07-04 00:29:55.007000,1.11306,1.11301,2620000,1050000
2016-07-04 00:29:56.040000,1.11306,1.11301,2620000,1050000
2016-07-04 00:29:56.394000,1.11302,1.11300,1000000,10500000
2016-07-04 00:29:56.445000,1.11302,1.11300,1000000,7500000
2016-07-04 00:29:56.983000,1.11302,1.11300,1000000,4950000
2016-07-04 00:29:57.439000,1.11303,1.11301,6000000,2100000
2016-07-04 00:29:57.592000,1.11304,1.11302,1000000,1300000
2016-07-04 00:29:58.503000,1.11304,1.11302,1000000,2470000
2016-07-04 00:30:01.076000,1.11307,1.11301,1200000,3300000
2016-07-04 00:30:10.554000,1.11307,1.11303,1120000,1720000
2016-07-04 00:30:11.211000,1.11307,1.11302,1000000,2250000
2016-07-04 00:30:11.736000,1.11307,1.11302,2470000,1200000
2016-07-04 00:30:20.304000,1.11307,1.11302,1870000,1950000
2016-07-04 00:30:35.739000,1.11307,1.11302,1500000,1800000
2016-07-04 00:30:36.681000,1.11307,1.11302,3000000,1470000
2016-07-04 00:30:39.070000,1.11307,1.11302,3000000,1050000
2016-07-04 00:30:41.631000,1.11307,1.11302,3750000,1050000
2016-07-04 00:30:53.150000,1.11307,1.11302,3750000,1050000
2016-07-04 00:30:59.295000,1.11307,1.11302,6750000,1050000
2016-07-04 00:31:01.389000,1.11307,1.11302,6750000,1050000
2016-07-04 00:31:01.897000,1.11307,1.11302,5620000,1050000
2016-07-04 00:31:20.343000,1.11307,1.11302,4870000,1050000
2016-07-04 00:31:52.889000,1.11305,1.11302,1000000,1050000
2016-07-04 00:31:53.394000,1.11304,1.11301,1500000,1300000
2016-07-04 00:31:53.900000,1.11305,1.11301,1500000,2550000
2016-07-04 00:32:01.347000,1.11303,1.11300,1000000,4120000
2016-07-04 00:32:01.449000,1.11303,1.11300,1000000,2320000
2016-07-04 00:32:02.269000,1.11303,1.11302,1500000,2100000
2016-07-04 00:32:02.572000,1.11306,1.11304,1500000,3000000
2016-07-04 00:32:03.243000,1.11308,1.11306,10050000,1000000
2016-07-04 00:32:06.759000,1.11306,1.11305,1000000,1000000
2016-07-04 00:32:07.129000,1.11308,1.11306,8320000,1000000
2016-07-04 00:32:19.036000,1.11306,1.11305,1000000,1500000
2016-07-04 00:32:28.069000,1.11306,1.11305,1000000,1000000
2016-07-04 00:32:30.161000,1.11306,1.11303,1000000,1870000
2016-07-04 00:32:32.565000,1.11306,1.11304,1000000,1000000
2016-07-04 00:32:39.681000,1.11306,1.11303,1120000,1120000
2016-07-04 00:32:50.852000,1.11307,1.11302,3670000,1870000
2016-07-04 00:32:51.958000,1.11307,1.11303,3670000,1000000
2016-07-04 00:32:58.733000,1.11307,1.11303,4050000,1120000
2016-07-04 00:32:58.987000,1.11303,1.11301,1000000,1470000
2016-07-04 00:32:59.089000,1.11305,1.11301,7500000,3220000
2016-07-04 00:33:02.259000,1.11305,1.11302,3000000,3220000
2016-07-04 00:33:03.692000,1.11307,1.11302,3370000,3970000
2016-07-04 00:33:18.323000,1.11307,1.11302,5250000,2470000
2016-07-04 00:33:29.332000,1.11307,1.11301,6370000,1720000
2016-07-04 00:33:30.121000,1.11307,1.11301,4950000,2550000
2016-07-04 00:33:30.670000,1.11307,1.11301,4570000,2550000
2016-07-04 00:33:34.837000,1.11307,1.11304,4570000,1000000
2016-07-04 00:33:35.343000,1.11308,1.11303,2620000,2620000
2016-07-04 00:33:35.856000,1.11308,1.11303,2320000,2620000
2016-07-04 00:33:36.393000,1.11308,1.11303,3300000,2620000
2016-07-04 00:33:37.026000,1.11308,1.11303,3300000,2620000
2016-07-04 00:33:47.151000,1.11308,1.11304,4420000,1120000
2016-07-04 00:33:49.986000,1.11308,1.11304,6300000,1120000
2016-07-04 00:33:50.503000,1.11308,1.11304,7270000,1120000
2016-07-04 00:33:53.862000,1.11307,1.11304,4950000,1000000
2016-07-04 00:33:55.180000,1.11307,1.11303,5320000,1120000
2016-07-04 00:33:56.192000,1.11307,1.11303,5320000,1120000
2016-07-04 00:34:00.966000,1.11307,1.11303,4570000,1120000
2016-07-04 00:34:09.112000,1.11307,1.11302,3450000,2470000
2016-07-04 00:34:09.618000,1.11307,1.11302,3450000,2470000
2016-07-04 00:34:10.149000,1.11307,1.11302,4950000,1720000
2016-07-04 00:34:10.654000,1.11307,1.11302,4950000,1720000
2016-07-04 00:34:16.063000,1.11307,1.11302,4570000,2470000
2016-07-04 00:34:20.024000,1.11307,1.11302,4200000,1370000
2016-07-04 00:34:29.436000,1.11307,1.11301,5320000,1050000
2016-07-04 00:34:45.992000,1.11306,1.11301,1000000,4050000
2016-07-04 00:35:00.223000,1.11305,1.11301,1000000,1800000
2016-07-04 00:35:03.389000,1.11307,1.11301,4950000,1800000
2016-07-04 00:35:05.825000,1.11306,1.11301,3000000,1470000
2016-07-04 00:35:06.230000,1.11301,1.11297,2100000,1870000
2016-07-04 00:35:06.545000,1.11297,1.11295,2100000,1000000
2016-07-04 00:35:06.599000,1.11297,1.11293,2100000,1100000
2016-07-04 00:35:06.779000,1.11298,1.11293,1200000,2100000
2016-07-04 00:35:06.830000,1.11299,1.11296,5250000,1000000
2016-07-04 00:35:06.982000,1.11297,1.11294,2100000,1470000
2016-07-04 00:35:07.488000,1.11297,1.11293,2100000,3000000
2016-07-04 00:35:08.033000,1.11297,1.11293,2100000,1950000
2016-07-04 00:35:08.540000,1.11297,1.11294,2100000,1000000
2016-07-04 00:35:21.309000,1.11297,1.11293,2100000,1200000
2016-07-04 00:35:21.836000,1.11296,1.11293,2470000,1000000
2016-07-04 00:35:32.847000,1.11297,1.11293,2700000,1000000
2016-07-04 00:35:54.744000,1.11298,1.11294,7350000,1000000
2016-07-04 00:36:00.777000,1.11298,1.11294,6300000,1000000
2016-07-04 00:36:03.356000,1.11298,1.11293,7050000,1120000
2016-07-04 00:36:03.904000,1.11298,1.11294,7050000,1000000
2016-07-04 00:36:05.013000,1.11298,1.11294,6670000,1000000
2016-07-04 00:36:05.519000,1.11298,1.11293,8550000,1120000
2016-07-04 00:36:06.049000,1.11298,1.11293,8170000,1120000
2016-07-04 00:36:06.716000,1.11298,1.11293,8170000,1120000
2016-07-04 00:36:07.222000,1.11298,1.11293,7720000,1120000
2016-07-04 00:36:21.892000,1.11297,1.11293,2550000,1000000
2016-07-04 00:36:38.409000,1.11297,1.11294,4800000,1000000
2016-07-04 00:36:56.415000,1.11297,1.11293,2550000,1000000
2016-07-04 00:36:58.938000,1.11297,1.11292,2550000,1500000
2016-07-04 00:36:59.444000,1.11297,1.11293,2550000,1000000
2016-07-04 00:36:59.979000,1.11297,1.11294,2550000,1000000
2016-07-04 00:37:03.640000,1.11296,1.11293,1300000,1000000
2016-07-04 00:37:04.439000,1.11298,1.11294,9220000,1000000
2016-07-04 00:37:06.012000,1.11298,1.11294,7350000,1000000
2016-07-04 00:37:06.546000,1.11297,1.11294,2550000,1000000
2016-07-04 00:37:09.935000,1.11297,1.11293,2550000,1000000
2016-07-04 00:37:12.114000,1.11296,1.11293,2470000,1000000
2016-07-04 00:37:12.620000,1.11296,1.11292,5100000,1000000
2016-07-04 00:37:32.294000,1.11296,1.11292,3600000,1000000
2016-07-04 00:37:40.402000,1.11296,1.11292,1670000,1000000
2016-07-04 00:37:56.035000,1.11297,1.11292,5250000,1000000
2016-07-04 00:37:56.540000,1.11297,1.11293,1950000,1000000
2016-07-04 00:37:57.046000,1.11297,1.11292,5320000,1000000
2016-07-04 00:38:02.085000,1.11297,1.11291,4950000,2550000
2016-07-04 00:38:02.886000,1.11292,1.11290,1000000,6000000
2016-07-04 00:38:03.198000,1.11290,1.11288,1370000,3070000
2016-07-04 00:38:03.504000,1.11281,1.11279,2500000,14100000
2016-07-04 00:38:03.606000,1.11285,1.11282,1000000,1000000
2016-07-04 00:38:04.112000,1.11287,1.11281,4500000,1870000
2016-07-04 00:38:04.646000,1.11287,1.11282,4500000,1000000
2016-07-04 00:38:06.996000,1.11287,1.11281,3750000,1870000
2016-07-04 00:38:07.502000,1.11287,1.11282,3370000,1000000
2016-07-04 00:38:08.804000,1.11286,1.11282,2170000,1000000
2016-07-04 00:38:08.957000,1.11288,1.11283,2470000,1000000
2016-07-04 00:38:09.492000,1.11288,1.11283,2100000,2620000
2016-07-04 00:38:09.564000,1.11289,1.11286,1000000,1000000
2016-07-04 00:38:10.456000,1.11290,1.11286,5100000,1000000
2016-07-04 00:38:11.175000,1.11290,1.11286,6600000,1000000
2016-07-04 00:38:11.965000,1.11290,1.11286,5100000,1000000
2016-07-04 00:38:20.566000,1.11290,1.11286,6600000,1000000
2016-07-04 00:38:21.475000,1.11289,1.11285,1350000,1100000
2016-07-04 00:38:24.026000,1.11290,1.11285,4350000,1100000
2016-07-04 00:38:28.837000,1.11290,1.11285,5850000,1100000
2016-07-04 00:38:29.141000,1.11287,1.11284,2100000,1120000
2016-07-04 00:38:29.192000,1.11287,1.11283,2100000,3000000
2016-07-04 00:38:30.110000,1.11289,1.11283,7350000,3000000
2016-07-04 00:38:30.212000,1.11289,1.11285,6220000,1000000
2016-07-04 00:38:30.718000,1.11289,1.11284,3220000,1100000
2016-07-04 00:38:31.105000,1.11287,1.11283,2100000,4500000
2016-07-04 00:38:31.340000,1.11288,1.11284,1350000,1100000
2016-07-04 00:38:32.176000,1.11288,1.11284,2850000,1100000
2016-07-04 00:38:33.191000,1.11288,1.11283,4350000,3070000
2016-07-04 00:38:46.204000,1.11286,1.11282,2100000,4500000
2016-07-04 00:38:46.356000,1.11286,1.11281,2470000,2700000
2016-07-04 00:38:47.150000,1.11285,1.11280,2850000,4200000
2016-07-04 00:38:47.810000,1.11284,1.11280,2100000,3450000
2016-07-04 00:38:51.524000,1.11283,1.11280,1000000,1100000
2016-07-04 00:38:51.626000,1.11282,1.11278,2100000,6000000
2016-07-04 00:38:52.115000,1.11281,1.11276,2470000,4500000
2016-07-04 00:38:55.240000,1.11282,1.11276,3220000,3750000
2016-07-04 00:38:56.996000,1.11282,1.11276,6220000,3750000
2016-07-04 00:39:00.254000,1.11282,1.11276,1720000,3750000
2016-07-04 00:39:01.537000,1.11282,1.11276,1720000,3750000
2016-07-04 00:39:02.101000,1.11282,1.11276,1120000,3750000
2016-07-04 00:39:03.834000,1.11282,1.11279,1000000,1000000
2016-07-04 00:39:04.137000,1.11288,1.11286,1950000,3370000
2016-07-04 00:39:04.188000,1.11289,1.11287,3000000,2620000
2016-07-04 00:39:04.442000,1.11292,1.11290,7500000,1000000
2016-07-04 00:39:05.615000,1.11292,1.11290,1950000,3000000
2016-07-04 00:39:05.717000,1.11295,1.11293,3070000,1000000
2016-07-04 00:39:05.819000,1.11296,1.11294,3000000,1500000
2016-07-04 00:39:06.360000,1.11296,1.11294,1870000,1500000
2016-07-04 00:39:06.867000,1.11296,1.11294,2250000,1000000
2016-07-04 00:39:07.120000,1.11296,1.11293,3750000,1120000
2016-07-04 00:39:08.362000,1.11296,1.11293,3750000,1120000
2016-07-04 00:39:08.868000,1.11295,1.11294,1000000,1000000
2016-07-04 00:39:09.073000,1.11295,1.11292,4350000,3370000
2016-07-04 00:39:09.124000,1.11293,1.11292,1120000,1000000
2016-07-04 00:39:09.278000,1.11293,1.11290,1870000,2250000
2016-07-04 00:39:09.525000,1.11290,1.11288,1500000,1200000
2016-07-04 00:39:10.165000,1.11292,1.11286,3000000,2250000
2016-07-04 00:39:10.674000,1.11292,1.11286,1120000,2250000
2016-07-04 00:39:14.616000,1.11291,1.11286,1500000,1500000
2016-07-04 00:39:16.140000,1.11289,1.11284,1000000,5250000
2016-07-04 00:39:16.292000,1.11288,1.11283,1000000,3370000
2016-07-04 00:39:16.495000,1.11287,1.11281,3750000,1870000
2016-07-04 00:39:17.496000,1.11286,1.11281,1120000,1200000
2016-07-04 00:39:18.002000,1.11286,1.11281,4500000,1200000
2016-07-04 00:39:18.994000,1.11286,1.11280,1500000,3370000
2016-07-04 00:39:19.501000,1.11286,1.11280,1000000,4120000
2016-07-04 00:39:22.242000,1.11285,1.11280,1000000,2620000
2016-07-04 00:39:23.286000,1.11285,1.11280,6370000,1120000
2016-07-04 00:39:24.863000,1.11285,1.11279,7120000,1800000
2016-07-04 00:39:25.921000,1.11285,1.11279,8620000,1200000
2016-07-04 00:39:26.465000,1.11285,1.11279,8620000,1200000
2016-07-04 00:39:27.228000,1.11285,1.11279,7870000,1200000
2016-07-04 00:39:30.227000,1.11285,1.11279,8620000,1200000
2016-07-04 00:39:36.391000,1.11284,1.11278,4870000,4500000
2016-07-04 00:39:36.697000,1.11282,1.11277,1720000,1120000
2016-07-04 00:39:37.242000,1.11282,1.11278,2250000,1000000
2016-07-04 00:39:39.653000,1.11283,1.11279,1120000,1000000
2016-07-04 00:39:46.464000,1.11283,1.11278,3600000,1570000
2016-07-04 00:39:47.021000,1.11283,1.11279,2850000,1000000
2016-07-04 00:39:49.375000,1.11283,1.11280,1870000,1000000
2016-07-04 00:39:49.920000,1.11284,1.11279,5100000,1100000
2016-07-04 00:39:53.652000,1.11284,1.11279,3600000,1570000
2016-07-04 00:39:54.384000,1.11284,1.11280,4350000,1000000
2016-07-04 00:39:56.294000,1.11284,1.11280,2250000,1000000
2016-07-04 00:39:56.800000,1.11284,1.11279,2620000,2170000
2016-07-04 00:39:57.972000,1.11284,1.11279,4720000,2170000
2016-07-04 00:40:01.054000,1.11284,1.11279,3220000,1420000
2016-07-04 00:40:01.602000,1.11284,1.11279,6220000,2170000
2016-07-04 00:40:02.109000,1.11283,1.11278,4350000,1570000
2016-07-04 00:40:02.994000,1.11282,1.11277,3750000,1000000
2016-07-04 00:40:10.992000,1.11282,1.11279,2250000,1000000
2016-07-04 00:40:12.094000,1.11282,1.11278,2620000,1500000
2016-07-04 00:40:12.398000,1.11281,1.11278,2470000,1500000
2016-07-04 00:40:16.025000,1.11281,1.11278,1350000,1000000
2016-07-04 00:40:24.818000,1.11281,1.11277,6370000,1500000
2016-07-04 00:40:28.509000,1.11281,1.11277,6370000,1000000
2016-07-04 00:40:29.793000,1.11280,1.11276,1370000,1570000
2016-07-04 00:40:35.158000,1.11281,1.11276,4350000,1570000
2016-07-04 00:40:38.795000,1.11281,1.11277,3970000,1000000
2016-07-04 00:40:48.826000,1.11281,1.11277,4350000,1100000
2016-07-04 00:40:54.690000,1.11281,1.11277,3970000,1100000
2016-07-04 00:40:57.234000,1.11282,1.11279,4350000,1000000
2016-07-04 00:40:57.741000,1.11283,1.11279,2100000,3000000
2016-07-04 00:40:59.240000,1.11284,1.11279,4200000,3000000
2016-07-04 00:40:59.545000,1.11288,1.11284,5100000,2100000
2016-07-04 00:40:59.596000,1.11289,1.11284,1000000,2100000
2016-07-04 00:40:59.698000,1.11291,1.11285,8100000,1000000
2016-07-04 00:40:59.749000,1.11291,1.11287,7350000,1000000
2016-07-04 00:41:05.649000,1.11292,1.11287,2250000,1000000
2016-07-04 00:41:06.800000,1.11292,1.11287,2850000,1000000
2016-07-04 00:41:07.782000,1.11292,1.11287,2850000,1000000
2016-07-04 00:41:11.226000,1.11291,1.11287,1000000,1000000
2016-07-04 00:41:13.126000,1.11291,1.11287,3970000,1000000
2016-07-04 00:41:18.481000,1.11291,1.11286,2100000,1000000
2016-07-04 00:41:20.672000,1.11291,1.11286,2850000,1000000
2016-07-04 00:41:23.569000,1.11290,1.11285,1000000,4120000
2016-07-04 00:41:24.249000,1.11291,1.11285,1120000,4120000
2016-07-04 00:41:25.863000,1.11291,1.11285,4350000,3750000
2016-07-04 00:41:26.581000,1.11290,1.11285,3220000,3000000
2016-07-04 00:41:26.885000,1.11286,1.11282,2100000,1000000
2016-07-04 00:41:27.394000,1.11286,1.11281,2170000,2250000
2016-07-04 00:41:31.760000,1.11287,1.11285,1120000,1000000
2016-07-04 00:41:31.812000,1.11288,1.11285,1000000,1500000
2016-07-04 00:41:31.914000,1.11290,1.11285,1100000,3000000
2016-07-04 00:41:34.013000,1.11290,1.11286,1100000,1500000
2016-07-04 00:41:34.552000,1.11292,1.11287,2470000,1120000
2016-07-04 00:41:35.234000,1.11292,1.11287,1570000,1120000
2016-07-04 00:41:45.518000,1.11293,1.11287,6300000,1200000
2016-07-04 00:41:46.344000,1.11293,1.11287,6300000,1200000
2016-07-04 00:41:53.890000,1.11293,1.11287,4200000,1120000
2016-07-04 00:41:56.559000,1.11293,1.11290,1570000,1000000
2016-07-04 00:41:56.864000,1.11300,1.11299,3370000,1000000
2016-07-04 00:41:56.915000,1.11300,1.11299,1500000,1200000
2016-07-04 00:41:57.017000,1.11303,1.11299,1500000,1720000
2016-07-04 00:41:57.119000,1.11305,1.11299,2320000,2850000
2016-07-04 00:41:57.670000,1.11305,1.11299,4420000,3150000
2016-07-04 00:41:58.231000,1.11305,1.11299,4420000,2700000
2016-07-04 00:42:00.160000,1.11305,1.11300,3600000,1000000
2016-07-04 00:42:01.807000,1.11305,1.11299,4350000,2700000
2016-07-04 00:42:05.092000,1.11305,1.11299,4350000,1950000
2016-07-04 00:42:06.021000,1.11305,1.11299,3970000,1200000
2016-07-04 00:42:06.123000,1.11303,1.11299,2100000,1120000
2016-07-04 00:42:06.428000,1.11304,1.11302,1050000,1000000
2016-07-04 00:42:06.729000,1.11304,1.11299,2100000,3450000
2016-07-04 00:42:08.566000,1.11305,1.11299,5700000,1100000
2016-07-04 00:42:10.234000,1.11303,1.11298,2550000,4870000
2016-07-04 00:42:10.437000,1.11302,1.11298,2100000,3000000
2016-07-04 00:42:11.761000,1.11301,1.11298,2100000,1000000
2016-07-04 00:42:12.217000,1.11301,1.11296,2170000,2620000
2016-07-04 00:42:12.865000,1.11300,1.11296,2100000,1500000
2016-07-04 00:42:13.386000,1.11300,1.11295,2850000,1100000
2016-07-04 00:42:27.101000,1.11300,1.11294,5100000,2250000
2016-07-04 00:42:27.607000,1.11298,1.11294,3220000,1100000
2016-07-04 00:42:29.847000,1.11298,1.11294,4720000,1100000
2016-07-04 00:42:30.349000,1.11298,1.11293,4720000,1120000
2016-07-04 00:42:31.253000,1.11295,1.11292,1000000,2620000
2016-07-04 00:42:31.456000,1.11294,1.11292,1000000,1200000
2016-07-04 00:42:31.906000,1.11293,1.11290,2100000,3370000
2016-07-04 00:42:32.820000,1.11293,1.11288,1500000,5620000
2016-07-04 00:42:34.961000,1.11292,1.11289,1000000,3070000
2016-07-04 00:42:38.844000,1.11293,1.11289,1000000,1950000
2016-07-04 00:42:40.522000,1.11294,1.11289,1500000,5320000
2016-07-04 00:42:40.573000,1.11294,1.11292,1500000,1000000
2016-07-04 00:42:41.102000,1.11293,1.11289,1350000,4050000
2016-07-04 00:42:41.738000,1.11293,1.11289,1350000,3300000
2016-07-04 00:42:43.237000,1.11291,1.11289,1000000,3300000
2016-07-04 00:42:43.541000,1.11289,1.11286,3370000,1870000
2016-07-04 00:42:43.694000,1.11287,1.11285,3000000,1570000
2016-07-04 00:42:43.982000,1.11291,1.11287,8620000,1500000
2016-07-04 00:42:44.034000,1.11291,1.11287,1500000,1000000
2016-07-04 00:42:44.559000,1.11292,1.11286,3220000,2250000
2016-07-04 00:42:45.181000,1.11293,1.11286,9750000,3370000
2016-07-04 00:42:48.666000,1.11292,1.11286,2850000,3000000
2016-07-04 00:42:50.404000,1.11290,1.11286,2100000,1870000
2016-07-04 00:42:50.607000,1.11289,1.11284,2100000,1950000
2016-07-04 00:42:51.113000,1.11291,1.11285,3220000,3750000
2016-07-04 00:42:51.786000,1.11290,1.11285,2170000,3750000
2016-07-04 00:42:54.860000,1.11290,1.11285,2170000,4120000
2016-07-04 00:42:57.224000,1.11290,1.11285,2170000,3000000
2016-07-04 00:42:57.784000,1.11289,1.11284,2100000,1470000
2016-07-04 00:43:00.036000,1.11289,1.11284,2100000,1200000
2016-07-04 00:43:00.543000,1.11290,1.11284,5170000,1200000
2016-07-04 00:43:02.751000,1.11289,1.11284,2850000,2320000
2016-07-04 00:43:03.932000,1.11289,1.11284,3220000,1100000
2016-07-04 00:43:06.571000,1.11290,1.11285,2470000,1000000
2016-07-04 00:43:08.320000,1.11290,1.11285,1350000,1100000
2016-07-04 00:43:09.742000,1.11289,1.11285,2100000,1100000
2016-07-04 00:43:22.284000,1.11289,1.11284,2100000,1100000
2016-07-04 00:43:27.881000,1.11290,1.11285,3600000,1570000
2016-07-04 00:43:28.423000,1.11291,1.11285,4800000,3450000
2016-07-04 00:43:29.724000,1.11291,1.11285,2100000,4870000
2016-07-04 00:43:40.588000,1.11290,1.11286,2100000,1570000
2016-07-04 00:43:50.753000,1.11290,1.11285,2100000,2320000
2016-07-04 00:43:53.010000,1.11290,1.11285,2100000,1100000
2016-07-04 00:43:53.544000,1.11290,1.11286,2100000,1200000
2016-07-04 00:44:08.151000,1.11289,1.11285,2100000,3000000
2016-07-04 00:44:20.883000,1.11290,1.11286,2100000,1950000
2016-07-04 00:44:21.389000,1.11291,1.11286,1510000,3070000
2016-07-04 00:44:23.235000,1.11291,1.11286,1510000,3070000
2016-07-04 00:44:27.335000,1.11291,1.11286,1960000,2700000
2016-07-04 00:44:35.853000,1.11291,1.11286,2100000,2700000
2016-07-04 00:44:37.364000,1.11291,1.11286,2100000,3450000
2016-07-04 00:44:42.352000,1.11291,1.11286,2100000,3450000
2016-07-04 00:44:44.338000,1.11291,1.11286,2100000,3450000
2016-07-04 00:44:46.748000,1.11291,1.11286,2100000,3820000
2016-07-04 00:44:52.758000,1.11291,1.11286,2100000,2700000
2016-07-04 00:44:53.493000,1.11291,1.11289,2100000,1000000
2016-07-04 00:44:53.544000,1.11291,1.11288,2100000,1000000
2016-07-04 00:44:53.646000,1.11292,1.11287,2170000,1870000
2016-07-04 00:44:54.153000,1.11292,1.11288,2100000,1870000
2016-07-04 00:45:00.507000,1.11291,1.11288,2100000,1000000
2016-07-04 00:45:02.182000,1.11292,1.11288,2250000,1000000
2016-07-04 00:45:04.828000,1.11292,1.11287,2250000,1100000
2016-07-04 00:45:05.662000,1.11292,1.11288,2100000,1000000
2016-07-04 00:45:06.729000,1.11293,1.11288,5320000,1000000
2016-07-04 00:45:07.237000,1.11293,1.11287,7200000,1200000
2016-07-04 00:45:08.078000,1.11292,1.11287,1000000,1200000
2016-07-04 00:45:09.740000,1.11291,1.11287,2470000,1100000
2016-07-04 00:45:11.640000,1.11290,1.11286,2100000,2250000
2016-07-04 00:45:12.315000,1.11290,1.11286,2250000,1120000
2016-07-04 00:45:12.649000,1.11296,1.11293,1500000,2470000
2016-07-04 00:45:12.852000,1.11300,1.11295,6070000,2470000
2016-07-04 00:45:16.470000,1.11299,1.11294,2100000,2100000
2016-07-04 00:45:16.975000,1.11299,1.11293,4350000,2250000
2016-07-04 00:45:17.479000,1.11299,1.11293,3220000,2250000
2016-07-04 00:45:21.839000,1.11299,1.11293,4350000,1870000
2016-07-04 00:45:22.532000,1.11299,1.11293,4350000,3750000
2016-07-04 00:45:24.547000,1.11299,1.11293,5100000,2620000
2016-07-04 00:45:26.984000,1.11299,1.11293,5100000,2620000
2016-07-04 00:45:29.736000,1.11299,1.11295,3970000,1000000
2016-07-04 00:45:30.296000,1.11299,1.11295,6220000,1000000
2016-07-04 00:45:31.091000,1.11298,1.11292,5100000,3970000
2016-07-04 00:45:35.357000,1.11298,1.11292,3220000,2100000
2016-07-04 00:45:37.071000,1.11298,1.11292,3970000,3220000
2016-07-04 00:45:38.381000,1.11298,1.11295,1500000,1000000
2016-07-04 00:45:48.418000,1.11298,1.11292,2470000,7500000
2016-07-04 00:45:48.520000,1.11296,1.11292,1300000,5250000
2016-07-04 00:45:50.309000,1.11297,1.11291,4500000,3970000
2016-07-04 00:45:58.980000,1.11297,1.11294,1000000,2100000
2016-07-04 00:45:59.507000,1.11298,1.11295,1000000,1000000
2016-07-04 00:46:00.693000,1.11298,1.11295,1000000,2170000
2016-07-04 00:46:00.744000,1.11300,1.11295,4500000,2170000
2016-07-04 00:46:00.947000,1.11302,1.11296,5170000,1950000
2016-07-04 00:46:01.475000,1.11302,1.11296,1200000,4200000
2016-07-04 00:46:03.343000,1.11302,1.11296,3300000,3070000
2016-07-04 00:46:04.534000,1.11302,1.11297,2170000,3000000
2016-07-04 00:46:05.081000,1.11302,1.11297,2170000,3000000
2016-07-04 00:46:05.940000,1.11304,1.11299,6900000,1000000
2016-07-04 00:46:06.463000,1.11304,1.11300,1000000,1720000
2016-07-04 00:46:06.969000,1.11304,1.11301,1000000,1120000
2016-07-04 00:46:07.704000,1.11306,1.11301,2700000,1000000
2016-07-04 00:46:14.032000,1.11303,1.11301,1000000,1000000
2016-07-04 00:46:14.461000,1.11305,1.11299,1720000,5250000
2016-07-04 00:46:26.706000,1.11306,1.11299,5320000,4720000
2016-07-04 00:46:30.877000,1.11306,1.11300,4950000,1050000
2016-07-04 00:46:31.421000,1.11306,1.11300,1100000,5920000
2016-07-04 00:46:31.708000,1.11305,1.11300,3600000,3070000
2016-07-04 00:46:32.215000,1.11305,1.11300,2850000,3070000
2016-07-04 00:46:34.748000,1.11305,1.11299,1420000,2320000
2016-07-04 00:46:36.375000,1.11305,1.11299,4050000,3070000
2016-07-04 00:46:36.760000,1.11302,1.11296,2850000,6000000
2016-07-04 00:46:37.277000,1.11302,1.11296,2920000,3450000
2016-07-04 00:46:39.638000,1.11301,1.11296,2100000,2320000
2016-07-04 00:46:40.144000,1.11299,1.11295,3600000,1000000
2016-07-04 00:46:40.834000,1.11299,1.11294,1500000,1100000
2016-07-04 00:46:53.859000,1.11299,1.11293,2100000,4870000
2016-07-04 00:46:54.215000,1.11297,1.11292,1000000,1100000
2016-07-04 00:46:55.110000,1.11298,1.11292,7050000,1100000
2016-07-04 00:46:56.067000,1.11298,1.11292,7420000,1100000
2016-07-04 00:47:10.812000,1.11298,1.11293,5320000,1000000
2016-07-04 00:47:12.231000,1.11299,1.11293,2470000,4120000
2016-07-04 00:47:12.333000,1.11296,1.11293,2500000,3370000
2016-07-04 00:47:12.637000,1.11294,1.11292,1000000,1200000
2016-07-04 00:47:12.841000,1.11296,1.11292,3370000,1120000
2016-07-04 00:47:12.892000,1.11296,1.11291,3000000,4800000
2016-07-04 00:47:13.428000,1.11298,1.11292,4120000,1120000
2016-07-04 00:47:13.907000,1.11298,1.11294,3000000,1000000
2016-07-04 00:47:14.428000,1.11298,1.11293,2620000,1000000
2016-07-04 00:47:15.511000,1.11299,1.11293,6670000,1000000
2016-07-04 00:47:19.298000,1.11299,1.11293,6670000,1000000
2016-07-04 00:47:24.365000,1.11298,1.11293,1500000,1000000
2016-07-04 00:47:25.355000,1.11298,1.11293,1000000,1000000
2016-07-04 00:47:34.849000,1.11298,1.11292,3220000,3000000
2016-07-04 00:47:40.023000,1.11297,1.11291,2100000,3820000
2016-07-04 00:47:40.441000,1.11295,1.11291,1000000,2320000
2016-07-04 00:47:40.745000,1.11291,1.11286,1000000,1120000
2016-07-04 00:47:41.965000,1.11292,1.11285,6970000,7120000
2016-07-04 00:47:50.592000,1.11292,1.11286,7350000,1870000
2016-07-04 00:47:50.924000,1.11289,1.11284,3220000,2620000
2016-07-04 00:47:51.430000,1.11289,1.11284,2700000,1000000
2016-07-04 00:47:51.953000,1.11289,1.11283,2700000,3070000
2016-07-04 00:47:55.760000,1.11289,1.11284,1570000,1000000
2016-07-04 00:47:57.708000,1.11290,1.11284,3750000,3520000
2016-07-04 00:47:58.218000,1.11290,1.11285,1420000,3000000
2016-07-04 00:48:03.379000,1.11289,1.11285,3600000,1000000
2016-07-04 00:48:03.531000,1.11289,1.11283,7050000,2320000
2016-07-04 00:48:12.480000,1.11287,1.11283,1500000,1000000
2016-07-04 00:48:13.269000,1.11287,1.11282,1500000,3820000
2016-07-04 00:48:13.371000,1.11285,1.11282,1000000,2320000
2016-07-04 00:48:13.876000,1.11285,1.11281,1000000,2320000
2016-07-04 00:48:15.259000,1.11285,1.11279,4350000,2250000
2016-07-04 00:48:15.825000,1.11284,1.11279,1000000,1500000
2016-07-04 00:48:21.821000,1.11283,1.11279,1000000,1120000
2016-07-04 00:48:27.283000,1.11285,1.11279,3000000,1950000
2016-07-04 00:48:37.848000,1.11283,1.11280,1000000,1570000
2016-07-04 00:48:38.102000,1.11285,1.11280,1120000,1000000
2016-07-04 00:48:41.010000,1.11283,1.11280,1000000,1100000
2016-07-04 00:48:41.314000,1.11279,1.11276,1000000,5250000
2016-07-04 00:48:41.415000,1.11282,1.11277,1470000,1570000
2016-07-04 00:48:41.668000,1.11283,1.11277,2700000,3070000
2016-07-04 00:48:42.174000,1.11283,1.11278,1200000,1000000
2016-07-04 00:48:44.383000,1.11284,1.11280,1120000,2250000
2016-07-04 00:48:44.434000,1.11285,1.11280,1570000,3600000
2016-07-04 00:48:56.437000,1.11285,1.11281,1000000,1500000
2016-07-04 00:48:56.639000,1.11287,1.11281,1950000,4200000
2016-07-04 00:48:57.184000,1.11287,1.11282,1570000,1000000
2016-07-04 00:49:00.899000,1.11287,1.11282,2920000,1500000
2016-07-04 00:49:01.266000,1.11285,1.11280,1000000,1100000
2016-07-04 00:49:12.150000,1.11286,1.11280,3300000,3820000
2016-07-04 00:49:13.342000,1.11286,1.11281,2920000,1000000
2016-07-04 00:49:14.343000,1.11286,1.11282,2320000,1500000
2016-07-04 00:49:15.020000,1.11287,1.11282,2320000,1870000
2016-07-04 00:49:19.557000,1.11287,1.11281,2700000,3450000
2016-07-04 00:49:24.034000,1.11287,1.11282,4800000,1000000
2016-07-04 00:49:25.222000,1.11287,1.11281,4800000,3820000
2016-07-04 00:49:25.772000,1.11287,1.11281,4420000,4200000
2016-07-04 00:49:26.277000,1.11287,1.11281,4800000,4570000
2016-07-04 00:49:27.198000,1.11287,1.11283,4800000,1000000
2016-07-04 00:49:31.663000,1.11287,1.11282,5550000,1870000
2016-07-04 00:49:35.146000,1.11286,1.11282,2100000,1000000
2016-07-04 00:49:35.651000,1.11286,1.11281,2100000,5700000
2016-07-04 00:49:39.140000,1.11286,1.11282,2470000,1370000
2016-07-04 00:49:39.242000,1.11287,1.11283,1420000,2250000
2016-07-04 00:49:43.371000,1.11288,1.11283,5320000,3000000
2016-07-04 00:49:43.588000,1.11286,1.11283,2100000,2250000
2016-07-04 00:49:44.045000,1.11285,1.11282,1670000,1000000
2016-07-04 00:49:44.579000,1.11285,1.11282,1120000,1000000
2016-07-04 00:49:47.933000,1.11285,1.11281,1500000,1000000
2016-07-04 00:49:55.758000,1.11285,1.11280,1870000,3070000
2016-07-04 00:49:59.917000,1.11285,1.11280,1870000,3070000
2016-07-04 00:50:00.418000,1.11285,1.11280,1500000,2320000
2016-07-04 00:50:07.687000,1.11285,1.11280,1870000,3070000
2016-07-04 00:50:12.309000,1.11285,1.11280,2620000,2320000
2016-07-04 00:50:13.181000,1.11280,1.11278,3000000,11470000
2016-07-04 00:50:13.535000,1.11279,1.11278,1500000,2170000
2016-07-04 00:50:13.586000,1.11284,1.11278,4200000,2920000
2016-07-04 00:50:13.788000,1.11284,1.11280,2320000,1000000
2016-07-04 00:50:32.751000,1.11282,1.11279,1120000,3820000
2016-07-04 00:50:33.055000,1.11280,1.11277,2250000,1570000
2016-07-04 00:50:33.561000,1.11280,1.11277,1870000,1100000
2016-07-04 00:50:34.663000,1.11280,1.11277,5470000,1100000
2016-07-04 00:50:34.815000,1.11279,1.11275,3600000,2320000
2016-07-04 00:50:35.018000,1.11278,1.11273,1500000,4200000
2016-07-04 00:50:35.557000,1.11277,1.11273,1350000,4200000
2016-07-04 00:50:37.973000,1.11274,1.11273,2100000,3820000
2016-07-04 00:50:38.075000,1.11273,1.11272,2620000,3000000
2016-07-04 00:50:38.177000,1.11272,1.11271,1500000,2250000
2016-07-04 00:50:38.329000,1.11275,1.11272,2100000,1100000
2016-07-04 00:50:38.734000,1.11276,1.11274,2100000,1000000
2016-07-04 00:50:39.103000,1.11278,1.11274,1000000,1500000
2016-07-04 00:50:39.918000,1.11279,1.11274,2550000,1000000
2016-07-04 00:50:42.553000,1.11279,1.11275,1120000,1000000
2016-07-04 00:50:46.085000,1.11280,1.11278,6450000,1000000
2016-07-04 00:50:46.408000,1.11285,1.11281,1500000,1500000
2016-07-04 00:50:46.813000,1.11287,1.11282,1950000,3000000
2016-07-04 00:50:48.333000,1.11286,1.11282,1000000,3750000
2016-07-04 00:50:56.085000,1.11283,1.11281,3970000,1000000
2016-07-04 00:50:56.312000,1.11282,1.11277,1350000,4870000
2016-07-04 00:50:56.768000,1.11281,1.11276,1500000,2320000
2016-07-04 00:51:02.403000,1.11279,1.11276,1000000,1950000
2016-07-04 00:51:02.708000,1.11278,1.11274,2850000,4800000
2016-07-04 00:51:03.013000,1.11276,1.11272,2100000,1570000
2016-07-04 00:51:03.318000,1.11278,1.11275,2250000,1000000
2016-07-04 00:51:03.714000,1.11279,1.11275,1570000,1000000
2016-07-04 00:51:04.553000,1.11279,1.11275,3600000,1500000
2016-07-04 00:51:04.604000,1.11276,1.11274,2100000,3300000
2016-07-04 00:51:04.757000,1.11274,1.11272,2850000,3000000
2016-07-04 00:51:05.282000,1.11274,1.11271,2470000,1000000
2016-07-04 00:51:05.870000,1.11274,1.11270,2470000,4570000
2016-07-04 00:51:06.283000,1.11273,1.11270,2100000,3070000
2016-07-04 00:51:08.190000,1.11273,1.11270,1720000,3000000
2016-07-04 00:51:08.725000,1.11274,1.11270,1000000,3820000
2016-07-04 00:51:17.808000,1.11274,1.11272,1120000,1000000
2016-07-04 00:51:18.314000,1.11274,1.11271,1000000,1000000
2016-07-04 00:51:21.177000,1.11274,1.11270,1000000,3070000
2016-07-04 00:51:25.524000,1.11274,1.11270,2250000,3370000
2016-07-04 00:51:26.675000,1.11274,1.11272,2250000,1000000
2016-07-04 00:51:27.107000,1.11274,1.11271,1000000,1870000
2016-07-04 00:51:27.628000,1.11274,1.11270,1350000,3370000
2016-07-04 00:51:29.514000,1.11272,1.11270,2100000,3000000
2016-07-04 00:51:31.080000,1.11272,1.11269,2100000,6820000
2016-07-04 00:51:31.334000,1.11270,1.11267,2100000,6750000
2016-07-04 00:51:31.840000,1.11270,1.11268,2100000,1000000
2016-07-04 00:51:32.319000,1.11272,1.11269,1000000,1350000
2016-07-04 00:51:33.094000,1.11272,1.11269,2850000,1350000
2016-07-04 00:51:34.189000,1.11271,1.11268,2100000,2700000
2016-07-04 00:51:34.341000,1.11270,1.11267,2100000,6070000
2016-07-04 00:51:35.201000,1.11271,1.11267,3220000,1570000
2016-07-04 00:51:36.549000,1.11269,1.11267,2100000,1570000
2016-07-04 00:51:42.247000,1.11271,1.11267,2100000,1100000
2016-07-04 00:51:43.664000,1.11272,1.11269,2770000,1000000
2016-07-04 00:51:45.105000,1.11273,1.11269,3970000,5320000
2016-07-04 00:51:45.518000,1.11272,1.11269,2850000,4570000
2016-07-04 00:51:46.971000,1.11272,1.11269,2100000,3820000
2016-07-04 00:51:47.275000,1.11271,1.11267,2100000,1500000
2016-07-04 00:51:47.907000,1.11272,1.11267,2470000,3000000
2016-07-04 00:51:50.653000,1.11271,1.11267,2100000,3000000
2016-07-04 00:51:51.439000,1.11271,1.11267,2100000,2320000
2016-07-04 00:51:53.572000,1.11272,1.11267,2620000,1570000
2016-07-04 00:51:58.913000,1.11272,1.11268,1270000,1000000
2016-07-04 00:51:59.218000,1.11274,1.11270,4500000,1000000
2016-07-04 00:52:00.405000,1.11273,1.11270,2100000,1570000
2016-07-04 00:52:01.460000,1.11272,1.11270,2100000,1570000
2016-07-04 00:52:01.765000,1.11271,1.11267,2470000,1870000
2016-07-04 00:52:02.426000,1.11270,1.11266,2100000,3370000
2016-07-04 00:52:02.766000,1.11271,1.11266,3220000,2620000
2016-07-04 00:52:08.432000,1.11272,1.11270,1870000,1000000
2016-07-04 00:52:08.981000,1.11272,1.11268,2250000,4870000
2016-07-04 00:52:10.900000,1.11272,1.11268,1000000,2620000
2016-07-04 00:52:11.794000,1.11273,1.11268,4120000,2320000
2016-07-04 00:52:12.309000,1.11272,1.11268,3000000,3070000
2016-07-04 00:52:14.240000,1.11272,1.11268,1870000,1570000
2016-07-04 00:52:14.897000,1.11271,1.11268,2100000,1100000
2016-07-04 00:52:16.298000,1.11271,1.11267,2100000,7120000
2016-07-04 00:52:16.515000,1.11272,1.11268,1000000,1100000
2016-07-04 00:52:16.718000,1.11274,1.11269,3820000,2100000
2016-07-04 00:52:18.071000,1.11274,1.11269,5470000,4050000
2016-07-04 00:52:18.578000,1.11274,1.11270,3000000,1120000
2016-07-04 00:52:20.398000,1.11274,1.11270,5250000,1000000
2016-07-04 00:52:27.694000,1.11274,1.11272,1200000,1000000
2016-07-04 00:52:27.796000,1.11274,1.11271,2100000,1200000
2016-07-04 00:52:28.303000,1.11273,1.11271,2100000,1950000
2016-07-04 00:52:28.832000,1.11274,1.11270,2850000,2620000
2016-07-04 00:52:31.039000,1.11273,1.11270,2100000,2620000
2016-07-04 00:52:37.490000,1.11273,1.11270,2100000,2620000
2016-07-04 00:52:39.891000,1.11274,1.11270,1350000,2620000
2016-07-04 00:52:40.580000,1.11273,1.11270,2100000,2620000
2016-07-04 00:52:41.511000,1.11274,1.11270,3220000,2620000
2016-07-04 00:52:42.774000,1.11274,1.11271,1120000,1570000
2016-07-04 00:52:43.103000,1.11281,1.11279,4500000,1500000
2016-07-04 00:52:43.155000,1.11285,1.11284,2250000,2250000
2016-07-04 00:52:43.206000,1.11286,1.11284,1000000,2320000
2016-07-04 00:52:43.308000,1.11287,1.11284,1350000,1120000
2016-07-04 00:52:43.613000,1.11285,1.11282,2020000,3750000
2016-07-04 00:52:43.714000,1.11282,1.11280,2250000,1350000
2016-07-04 00:52:43.917000,1.11285,1.11279,4420000,3450000
2016-07-04 00:52:44.677000,1.11285,1.11279,5100000,2620000
2016-07-04 00:52:46.431000,1.11283,1.11279,1000000,1500000
2016-07-04 00:52:46.938000,1.11284,1.11278,1050000,4950000
2016-07-04 00:52:46.989000,1.11282,1.11278,2100000,4200000
2016-07-04 00:52:47.415000,1.11280,1.11276,1500000,3070000
2016-07-04 00:52:47.948000,1.11281,1.11277,1120000,1000000
2016-07-04 00:52:48.403000,1.11282,1.11277,3070000,1000000
2016-07-04 00:52:51.134000,1.11281,1.11276,3600000,4570000
2016-07-04 00:52:51.689000,1.11280,1.11275,1420000,2620000
2016-07-04 00:52:52.270000,1.11280,1.11275,3300000,1870000
2016-07-04 00:52:52.576000,1.11278,1.11273,3000000,1570000
2016-07-04 00:52:58.535000,1.11277,1.11272,1800000,2250000
2016-07-04 00:52:59.077000,1.11276,1.11271,2550000,1500000
2016-07-04 00:52:59.447000,1.11273,1.11271,2620000,1500000
2016-07-04 00:52:59.651000,1.11274,1.11270,2850000,1000000
2016-07-04 00:53:00.056000,1.11276,1.11271,1200000,1000000
2016-07-04 00:53:02.139000,1.11275,1.11271,1000000,1500000
2016-07-04 00:53:03.843000,1.11276,1.11271,1570000,1500000
2016-07-04 00:53:05.245000,1.11276,1.11271,1100000,3750000
2016-07-04 00:53:07.046000,1.11276,1.11271,1100000,3750000
2016-07-04 00:53:07.570000,1.11276,1.11271,2170000,3750000
2016-07-04 00:53:09.855000,1.11276,1.11271,2170000,3750000
2016-07-04 00:53:11.609000,1.11276,1.11271,1100000,4500000
2016-07-04 00:53:11.660000,1.11278,1.11274,6970000,1350000
2016-07-04 00:53:11.864000,1.11279,1.11275,2620000,1120000
