time,ask,bid,ask_volume,bid_volume
2014-01-06 00:00:00.239000,1.35958,1.35957,1000000,1000000
2014-01-06 00:00:00.290000,1.35958,1.35955,1230000,1880000
2014-01-06 00:00:00.493000,1.35955,1.35953,10750000,1300000
2014-01-06 00:00:00.645000,1.35954,1.35951,5500000,1130000
2014-01-06 00:00:00.796000,1.35952,1.35950,1380000,1130000
2014-01-06 00:00:00.899000,1.35952,1.35949,4500000,3380000
2014-01-06 00:00:01,1.35952,1.35949,4880000,1500000
2014-01-06 00:00:01.508000,1.35951,1.35949,2630000,1000000
2014-01-06 00:00:02.029000,1.35950,1.35948,3380000,1000000
2014-01-06 00:00:02.290000,1.35950,1.35948,2630000,1000000
2014-01-06 00:00:02.811000,1.35949,1.35947,3000000,1380000
2014-01-06 00:00:03.319000,1.35949,1.35947,3250000,1000000
2014-01-06 00:00:05.578000,1.35949,1.35945,3000000,3000000
2014-01-06 00:00:06.240000,1.35950,1.35945,3750000,5130000
2014-01-06 00:00:06.327000,1.35950,1.35945,3750000,4880000
2014-01-06 00:00:07.960000,1.35950,1.35945,3380000,3000000
2014-01-06 00:00:10.750000,1.35949,1.35945,1000000,2250000
2014-01-06 00:00:12.401000,1.35948,1.35945,1000000,1880000
2014-01-06 00:00:12.974000,1.35948,1.35945,1000000,1880000
2014-01-06 00:00:13.763000,1.35947,1.35944,1750000,1880000
2014-01-06 00:00:14.070000,1.35945,1.35941,2630000,6000000
2014-01-06 00:00:14.433000,1.35944,1.35941,3380000,6000000
2014-01-06 00:00:14.774000,1.35943,1.35936,4760000,6000000
2014-01-06 00:00:14.940000,1.35946,1.35937,1500000,22500000
2014-01-06 00:00:14.992000,1.35943,1.35940,1000000,20500000
2014-01-06 00:00:15.143000,1.35943,1.35939,1500000,20500000
2014-01-06 00:00:15.615000,1.35939,1.35936,1000000,1000000
2014-01-06 00:00:16.198000,1.35939,1.35933,3390000,12750000
2014-01-06 00:00:17.809000,1.35934,1.35931,2630000,2350000
2014-01-06 00:00:18.120000,1.35937,1.35931,5880000,11850000
2014-01-06 00:00:18.699000,1.35937,1.35928,5890000,1000000
2014-01-06 00:00:19.297000,1.35930,1.35927,2250000,11850000
2014-01-06 00:00:20.779000,1.35929,1.35927,1500000,1000000
2014-01-06 00:00:21.119000,1.35929,1.35920,1500000,1500000
2014-01-06 00:00:23.988000,1.35936,1.35927,1130000,1500000
2014-01-06 00:00:24.115000,1.35936,1.35926,2630000,1000000
2014-01-06 00:00:24.165000,1.35931,1.35926,1000000,1000000
2014-01-06 00:00:24.266000,1.35931,1.35924,1000000,1130000
2014-01-06 00:00:25.980000,1.35928,1.35924,1000000,1130000
2014-01-06 00:00:26.526000,1.35929,1.35924,1000000,1130000
2014-01-06 00:00:30.206000,1.35930,1.35925,1500000,1000000
2014-01-06 00:00:30.816000,1.35929,1.35924,1500000,1130000
2014-01-06 00:00:32.729000,1.35929,1.35924,1500000,1500000
2014-01-06 00:00:32.880000,1.35929,1.35924,2250000,1130000
2014-01-06 00:00:34.167000,1.35928,1.35923,1000000,2630000
2014-01-06 00:00:34.709000,1.35928,1.35923,1500000,2630000
2014-01-06 00:00:35.299000,1.35926,1.35923,1000000,1500000
2014-01-06 00:00:35.812000,1.35925,1.35923,1000000,1500000
2014-01-06 00:00:35.863000,1.35926,1.35923,1000000,1880000
2014-01-06 00:00:36.247000,1.35934,1.35925,1000000,4880000
2014-01-06 00:00:36.348000,1.35928,1.35924,3760000,3380000
2014-01-06 00:00:36.500000,1.35928,1.35926,2630000,3000000
2014-01-06 00:00:36.662000,1.35928,1.35925,2630000,9750000
2014-01-06 00:00:36.807000,1.35926,1.35924,1000000,1380000
2014-01-06 00:00:37.347000,1.35927,1.35924,1130000,1380000
2014-01-06 00:00:44.862000,1.35926,1.35923,1000000,4880000
2014-01-06 00:00:45.399000,1.35927,1.35923,1530000,4950000
2014-01-06 00:00:45.959000,1.35926,1.35923,1000000,4200000
2014-01-06 00:00:46.728000,1.35927,1.35923,1530000,4950000
2014-01-06 00:00:52.659000,1.35927,1.35924,1040000,1450000
2014-01-06 00:00:54.960000,1.35927,1.35924,1040000,1380000
2014-01-06 00:00:57.142000,1.35926,1.35924,1000000,1000000
2014-01-06 00:01:08.976000,1.35927,1.35925,1040000,3380000
2014-01-06 00:01:09.078000,1.35928,1.35926,1530000,1000000
2014-01-06 00:01:09.129000,1.35928,1.35926,1530000,1000000
2014-01-06 00:01:13.737000,1.35929,1.35926,2280000,1000000
2014-01-06 00:01:14.739000,1.35929,1.35925,3030000,7130000
2014-01-06 00:01:15.068000,1.35929,1.35925,2630000,7500000
2014-01-06 00:01:15.398000,1.35932,1.35928,3000000,1000000
2014-01-06 00:01:15.651000,1.35934,1.35930,1500000,4380000
2014-01-06 00:01:15.702000,1.35939,1.35932,5370000,1750000
2014-01-06 00:01:15.853000,1.35938,1.35936,1000000,1500000
2014-01-06 00:01:15.954000,1.35940,1.35937,10230000,2500000
2014-01-06 00:01:16.110000,1.35941,1.35937,1130000,2630000
2014-01-06 00:01:16.412000,1.35945,1.35935,2730000,7390000
2014-01-06 00:01:16.513000,1.35949,1.35943,8320000,3380000
2014-01-06 00:01:19.560000,1.35949,1.35943,5900000,4130000
2014-01-06 00:01:44.219000,1.35949,1.35943,8530000,1130000
2014-01-06 00:01:50.196000,1.35946,1.35933,9330000,2100000
2014-01-06 00:01:50.281000,1.35943,1.35925,9710000,1000000
2014-01-06 00:01:50.433000,1.35937,1.35921,10080000,1080000
2014-01-06 00:01:50.534000,1.35938,1.35920,8960000,7950000
2014-01-06 00:01:50.803000,1.35938,1.35923,17110001,3000000
2014-01-06 00:01:53.252000,1.35951,1.35922,5660000,100000
2014-01-06 00:01:54.509000,1.35948,1.35937,1000000,750000
2014-01-06 00:01:55.064000,1.35949,1.35940,1000000,750000
2014-01-06 00:01:56.046000,1.35950,1.35941,1000000,750000
2014-01-06 00:01:56.603000,1.35951,1.35942,6410000,1000000
2014-01-06 00:01:59.255000,1.35951,1.35946,6780000,1000000
2014-01-06 00:01:59.692000,1.35951,1.35946,6780000,1000000
2014-01-06 00:01:59.742000,1.35948,1.35946,1000000,1000000
2014-01-06 00:02:00.429000,1.35948,1.35946,1500000,1000000
2014-01-06 00:02:03.088000,1.35948,1.35945,1500000,1000000
2014-01-06 00:02:03.868000,1.35948,1.35946,1500000,1000000
2014-01-06 00:02:04.199000,1.35948,1.35946,1000000,1000000
2014-01-06 00:02:26.268000,1.35949,1.35946,1000000,1130000
2014-01-06 00:02:26.470000,1.35949,1.35946,1000000,1130000
2014-01-06 00:02:28.787000,1.35949,1.35946,1000000,1130000
2014-01-06 00:02:29.089000,1.35949,1.35945,1130000,1130000
2014-01-06 00:02:29.190000,1.35949,1.35945,1130000,1500000
2014-01-06 00:02:32.481000,1.35951,1.35946,6410000,2250000
2014-01-06 00:02:32.583000,1.35952,1.35948,5660000,2630000
2014-01-06 00:02:32.687000,1.35954,1.35948,1130000,2630000
2014-01-06 00:02:32.990000,1.35945,1.35936,1130000,2630000
2014-01-06 00:02:33.091000,1.35944,1.35935,1000000,1130000
2014-01-06 00:02:33.142000,1.35940,1.35935,1000000,1130000
2014-01-06 00:02:33.617000,1.35938,1.35934,1000000,1380000
2014-01-06 00:02:34.027000,1.35937,1.35934,1000000,1380000
2014-01-06 00:02:34.128000,1.35935,1.35933,1000000,1000000
2014-01-06 00:02:34.431000,1.35930,1.35925,3650000,1130000
2014-01-06 00:02:35.270000,1.35927,1.35925,1410000,1130000
2014-01-06 00:02:35.421000,1.35925,1.35921,1130000,9000000
2014-01-06 00:02:35.522000,1.35928,1.35921,1150000,12000000
2014-01-06 00:02:35.780000,1.35925,1.35923,1000000,3000000
2014-01-06 00:02:35.831000,1.35925,1.35915,3760000,6420000
2014-01-06 00:02:35.932000,1.35918,1.35915,1750000,3750000
2014-01-06 00:02:36.449000,1.35918,1.35913,1750000,5250000
2014-01-06 00:02:36.608000,1.35918,1.35913,1750000,3000000
2014-01-06 00:02:38.341000,1.35914,1.35912,1130000,15930000
2014-01-06 00:02:38.392000,1.35924,1.35908,6010000,1880000
2014-01-06 00:02:38.751000,1.35914,1.35910,1000000,1000000
2014-01-06 00:02:38.852000,1.35915,1.35911,1500000,1380000
2014-01-06 00:02:38.903000,1.35915,1.35911,1000000,1380000
2014-01-06 00:02:39.110000,1.35916,1.35912,1000000,1380000
2014-01-06 00:02:39.211000,1.35917,1.35913,1130000,1130000
2014-01-06 00:02:39.507000,1.35915,1.35911,1000000,1130000
2014-01-06 00:02:39.827000,1.35915,1.35911,1380000,1130000
2014-01-06 00:02:39.891000,1.35913,1.35907,1750000,1880000
2014-01-06 00:02:40.042000,1.35913,1.35909,2630000,1000000
2014-01-06 00:02:40.535000,1.35914,1.35909,1000000,1380000
2014-01-06 00:02:40.838000,1.35918,1.35911,1880000,1380000
2014-01-06 00:02:40.989000,1.35917,1.35913,1130000,1380000
2014-01-06 00:02:41.090000,1.35917,1.35914,1130000,5140000
2014-01-06 00:02:41.352000,1.35917,1.35914,1130000,6550000
2014-01-06 00:02:41.549000,1.35917,1.35914,1130000,3380000
2014-01-06 00:02:41.761000,1.35916,1.35912,1880000,1380000
2014-01-06 00:02:41.862000,1.35914,1.35911,1500000,7090000
2014-01-06 00:02:42.177000,1.35914,1.35912,1000000,5240000
2014-01-06 00:02:42.231000,1.35914,1.35911,1000000,10310000
2014-01-06 00:02:42.788000,1.35914,1.35909,1880000,1130000
2014-01-06 00:02:42.839000,1.35914,1.35909,2630000,1380000
2014-01-06 00:02:43.155000,1.35914,1.35909,1880000,1750000
2014-01-06 00:02:43.507000,1.35914,1.35910,1130000,1880000
2014-01-06 00:02:43.609000,1.35912,1.35910,2880000,1000000
2014-01-06 00:02:44.181000,1.35912,1.35907,1500000,1500000
2014-01-06 00:02:44.386000,1.35913,1.35909,1500000,1380000
2014-01-06 00:02:44.945000,1.35913,1.35909,1380000,1000000
2014-01-06 00:02:45.047000,1.35911,1.35908,1500000,1130000
2014-01-06 00:02:45.148000,1.35911,1.35908,1000000,1380000
2014-01-06 00:02:45.249000,1.35913,1.35909,1130000,1380000
2014-01-06 00:02:45.350000,1.35915,1.35910,1200000,1880000
2014-01-06 00:02:45.852000,1.35915,1.35911,1100000,1500000
2014-01-06 00:02:46.238000,1.35919,1.35915,1000000,1000000
2014-01-06 00:02:47.026000,1.35917,1.35913,1200000,1880000
2014-01-06 00:02:47.977000,1.35917,1.35913,1000000,1880000
2014-01-06 00:02:48.600000,1.35919,1.35915,1000000,3000000
2014-01-06 00:02:50.728000,1.35922,1.35916,1130000,7500000
2014-01-06 00:02:51.232000,1.35918,1.35915,2250000,1880000
2014-01-06 00:02:52.118000,1.35918,1.35914,3450000,7130000
2014-01-06 00:02:52.320000,1.35916,1.35913,1880000,1880000
2014-01-06 00:02:52.928000,1.35915,1.35911,1950000,1000000
2014-01-06 00:02:53.438000,1.35911,1.35907,1000000,1880000
2014-01-06 00:02:53.962000,1.35912,1.35908,1130000,1130000
2014-01-06 00:02:54.851000,1.35911,1.35908,1500000,1130000
2014-01-06 00:02:54.909000,1.35909,1.35905,1000000,3380000
2014-01-06 00:02:54.960000,1.35909,1.35905,2250000,1880000
2014-01-06 00:02:56.688000,1.35911,1.35907,2630000,1000000
2014-01-06 00:02:57.420000,1.35910,1.35907,1380000,1000000
2014-01-06 00:02:57.871000,1.35911,1.35907,1000000,2250000
2014-01-06 00:02:58.186000,1.35912,1.35910,1000000,1000000
2014-01-06 00:02:59.094000,1.35912,1.35910,1000000,1000000
2014-01-06 00:02:59.406000,1.35911,1.35910,1000000,1000000
2014-01-06 00:03:00.277000,1.35913,1.35910,1680000,1000000
2014-01-06 00:03:00.529000,1.35914,1.35911,1380000,1500000
2014-01-06 00:03:00.630000,1.35915,1.35912,1000000,1000000
2014-01-06 00:03:01.064000,1.35922,1.35914,1000000,17250000
2014-01-06 00:03:01.569000,1.35919,1.35916,1130000,4500000
2014-01-06 00:03:01.721000,1.35919,1.35916,1130000,4500000
2014-01-06 00:03:02.247000,1.35918,1.35915,1000000,12750000
2014-01-06 00:03:02.449000,1.35916,1.35911,1880000,1500000
2014-01-06 00:03:02.500000,1.35916,1.35911,1880000,1130000
2014-01-06 00:03:03.756000,1.35915,1.35912,1000000,1000000
2014-01-06 00:03:03.958000,1.35916,1.35912,1500000,1130000
2014-01-06 00:03:04.008000,1.35913,1.35908,2260000,1000000
2014-01-06 00:03:04.059000,1.35910,1.35909,1000000,1000000
2014-01-06 00:03:04.599000,1.35910,1.35908,1000000,1130000
2014-01-06 00:03:05.127000,1.35910,1.35906,1130000,1130000
2014-01-06 00:03:05.785000,1.35908,1.35904,1500000,1750000
2014-01-06 00:03:05.836000,1.35908,1.35904,3000000,1000000
2014-01-06 00:03:06.382000,1.35906,1.35902,1500000,1000000
2014-01-06 00:03:06.686000,1.35904,1.35899,2250000,1000000
2014-01-06 00:03:06.989000,1.35900,1.35897,1130000,1000000
2014-01-06 00:03:07.199000,1.35903,1.35899,1500000,1000000
2014-01-06 00:03:07.517000,1.35903,1.35899,1750000,1000000
2014-01-06 00:03:07.567000,1.35901,1.35897,1380000,1000000
2014-01-06 00:03:08.115000,1.35901,1.35898,1380000,1000000
2014-01-06 00:03:08.988000,1.35901,1.35897,1380000,1000000
2014-01-06 00:03:09.557000,1.35901,1.35898,1380000,1000000
2014-01-06 00:03:11.088000,1.35903,1.35898,1000000,1380000
2014-01-06 00:03:11.195000,1.35903,1.35899,1000000,1130000
2014-01-06 00:03:11.346000,1.35904,1.35900,1130000,1500000
2014-01-06 00:03:11.497000,1.35913,1.35906,1000000,1500000
2014-01-06 00:03:11.849000,1.35913,1.35908,1000000,1380000
2014-01-06 00:03:12.151000,1.35908,1.35904,1000000,1000000
2014-01-06 00:03:12.367000,1.35907,1.35902,1000000,3000000
2014-01-06 00:03:12.911000,1.35907,1.35903,1000000,1000000
2014-01-06 00:03:13.686000,1.35906,1.35903,1000000,1000000
2014-01-06 00:03:14.353000,1.35907,1.35903,1000000,1000000
2014-01-06 00:03:14.609000,1.35908,1.35898,6640000,1000000
2014-01-06 00:03:14.863000,1.35903,1.35901,1000000,1000000
2014-01-06 00:03:14.914000,1.35906,1.35901,2250000,1500000
2014-01-06 00:03:14.964000,1.35906,1.35901,1130000,2250000
2014-01-06 00:03:15.266000,1.35903,1.35899,1380000,2630000
2014-01-06 00:03:15.418000,1.35903,1.35899,1880000,1500000
2014-01-06 00:03:16.367000,1.35900,1.35895,2250000,1500000
2014-01-06 00:03:16.870000,1.35900,1.35895,1880000,1500000
2014-01-06 00:03:17.373000,1.35900,1.35896,1130000,1000000
2014-01-06 00:03:18.366000,1.35902,1.35897,1750000,1000000
2014-01-06 00:03:19.327000,1.35902,1.35898,2250000,1380000
2014-01-06 00:03:19.380000,1.35905,1.35901,1500000,1130000
2014-01-06 00:03:19.582000,1.35902,1.35898,1380000,1500000
2014-01-06 00:03:19.682000,1.35902,1.35898,1750000,1500000
2014-01-06 00:03:19.934000,1.35901,1.35896,1500000,1500000
2014-01-06 00:03:21.477000,1.35900,1.35895,1500000,2630000
2014-01-06 00:03:21.779000,1.35896,1.35894,1000000,1000000
2014-01-06 00:03:22.299000,1.35895,1.35894,1000000,1000000
2014-01-06 00:03:22.603000,1.35891,1.35883,2260000,1130000
2014-01-06 00:03:22.805000,1.35891,1.35887,1000000,1880000
2014-01-06 00:03:22.956000,1.35891,1.35887,1000000,1880000
2014-01-06 00:03:23.007000,1.35893,1.35890,1000000,1130000
2014-01-06 00:03:23.057000,1.35894,1.35890,1380000,1500000
2014-01-06 00:03:23.429000,1.35897,1.35893,1000000,1500000
2014-01-06 00:03:23.956000,1.35898,1.35893,1000000,1500000
2014-01-06 00:03:24.666000,1.35899,1.35894,1000000,1500000
2014-01-06 00:03:24.969000,1.35902,1.35898,2250000,1130000
2014-01-06 00:03:25.070000,1.35900,1.35898,1000000,1130000
2014-01-06 00:03:25.372000,1.35897,1.35893,2260000,1000000
2014-01-06 00:03:25.724000,1.35894,1.35890,1000000,2630000
2014-01-06 00:03:25.976000,1.35898,1.35894,1880000,1000000
2014-01-06 00:03:26.177000,1.35900,1.35895,1880000,1500000
2014-01-06 00:03:30.101000,1.35900,1.35896,2630000,1130000
2014-01-06 00:03:30.606000,1.35899,1.35896,1380000,1000000
2014-01-06 00:03:31.138000,1.35898,1.35894,1000000,1750000
2014-01-06 00:03:32.839000,1.35900,1.35896,1130000,1130000
2014-01-06 00:03:34.471000,1.35901,1.35896,1000000,3000000
2014-01-06 00:03:34.572000,1.35901,1.35898,1000000,1130000
2014-01-06 00:03:34.842000,1.35901,1.35896,1500000,1130000
2014-01-06 00:03:35.238000,1.35898,1.35893,3250000,1000000
2014-01-06 00:03:35.288000,1.35898,1.35896,2630000,1000000
2014-01-06 00:03:35.389000,1.35894,1.35892,1130000,1000000
2014-01-06 00:03:35.490000,1.35891,1.35885,1000000,2250000
2014-01-06 00:03:35.819000,1.35890,1.35886,1050000,1130000
2014-01-06 00:03:37.708000,1.35890,1.35886,2250000,1000000
2014-01-06 00:03:37.986000,1.35890,1.35886,1500000,1130000
2014-01-06 00:03:38.707000,1.35889,1.35887,1000000,1000000
2014-01-06 00:03:39.240000,1.35889,1.35886,1000000,1130000
2014-01-06 00:03:39.797000,1.35887,1.35883,1130000,1880000
2014-01-06 00:03:40.152000,1.35885,1.35881,1130000,1500000
2014-01-06 00:03:40.724000,1.35884,1.35879,1000000,1750000
2014-01-06 00:03:41.435000,1.35885,1.35881,1130000,1130000
2014-01-06 00:03:41.792000,1.35883,1.35879,1500000,1380000
2014-01-06 00:03:41.843000,1.35883,1.35879,2130000,1000000
2014-01-06 00:03:43.159000,1.35883,1.35879,3010000,1000000
2014-01-06 00:03:43.310000,1.35880,1.35873,2500000,1000000
2014-01-06 00:03:43.361000,1.35880,1.35873,2880000,1380000
2014-01-06 00:03:43.662000,1.35880,1.35875,1500000,1000000
2014-01-06 00:03:44.275000,1.35881,1.35876,1880000,1000000
2014-01-06 00:03:44.825000,1.35881,1.35878,1380000,1000000
2014-01-06 00:03:45.515000,1.35880,1.35872,1380000,1880000
2014-01-06 00:03:45.616000,1.35880,1.35876,3380000,1000000
2014-01-06 00:03:46.144000,1.35879,1.35875,1500000,1130000
2014-01-06 00:03:46.555000,1.35879,1.35875,1000000,1380000
2014-01-06 00:03:46.606000,1.35882,1.35877,2630000,1380000
2014-01-06 00:03:47.582000,1.35878,1.35877,1000000,1000000
2014-01-06 00:03:48.035000,1.35880,1.35875,1130000,1380000
2014-01-06 00:03:55.379000,1.35881,1.35879,1380000,1000000
2014-01-06 00:04:00.100000,1.35883,1.35878,1380000,1000000
2014-01-06 00:04:00.151000,1.35883,1.35878,1000000,2250000
2014-01-06 00:04:00.201000,1.35887,1.35883,1130000,1000000
2014-01-06 00:04:00.305000,1.35889,1.35886,1500000,1380000
2014-01-06 00:04:01.320000,1.35891,1.35886,2630000,1380000
2014-01-06 00:04:04.234000,1.35892,1.35889,1500000,1000000
2014-01-06 00:04:04.335000,1.35892,1.35887,1880000,1380000
2014-01-06 00:04:04.436000,1.35892,1.35890,1500000,1000000
2014-01-06 00:04:06.774000,1.35892,1.35890,1500000,1000000
2014-01-06 00:04:06.925000,1.35894,1.35891,1750000,1500000
2014-01-06 00:04:07.227000,1.35894,1.35892,1380000,1130000
2014-01-06 00:04:07.378000,1.35896,1.35894,1500000,1000000
2014-01-06 00:04:07.480000,1.35903,1.35897,1130000,1380000
2014-01-06 00:04:07.681000,1.35904,1.35902,1880000,1000000
2014-01-06 00:04:08.203000,1.35904,1.35901,1880000,1000000
2014-01-06 00:04:08.746000,1.35902,1.35900,1130000,1000000
2014-01-06 00:04:08.897000,1.35901,1.35897,1880000,1380000
2014-01-06 00:04:10.434000,1.35901,1.35895,1130000,1000000
2014-01-06 00:04:10.737000,1.35899,1.35895,2250000,1130000
2014-01-06 00:04:13.517000,1.35899,1.35896,1500000,1000000
2014-01-06 00:04:15.717000,1.35899,1.35895,1500000,1880000
2014-01-06 00:04:15.767000,1.35900,1.35895,1130000,2250000
2014-01-06 00:04:15.868000,1.35903,1.35898,1130000,1880000
2014-01-06 00:04:16.307000,1.35906,1.35899,1880000,1750000
2014-01-06 00:04:16.604000,1.35904,1.35900,1380000,1000000
2014-01-06 00:04:17.147000,1.35904,1.35899,1380000,1880000
2014-01-06 00:04:17.356000,1.35902,1.35899,1750000,1880000
2014-01-06 00:04:17.457000,1.35900,1.35897,1880000,1000000
2014-01-06 00:04:17.709000,1.35899,1.35895,1500000,1130000
2014-01-06 00:04:18.454000,1.35898,1.35895,1000000,1130000
2014-01-06 00:04:18.798000,1.35900,1.35896,1380000,1000000
2014-01-06 00:04:19.161000,1.35903,1.35898,1500000,1880000
2014-01-06 00:04:20.479000,1.35900,1.35893,1880000,1750000
2014-01-06 00:04:20.529000,1.35900,1.35896,1880000,1000000
2014-01-06 00:04:21.198000,1.35899,1.35895,1500000,1130000
2014-01-06 00:04:21.754000,1.35899,1.35896,1500000,1000000
2014-01-06 00:04:22.479000,1.35899,1.35896,1130000,1380000
2014-01-06 00:04:22.580000,1.35900,1.35896,1130000,1750000
2014-01-06 00:04:23.146000,1.35902,1.35897,1500000,1880000
2014-01-06 00:04:24.475000,1.35902,1.35897,1000000,2250000
2014-01-06 00:04:25.034000,1.35903,1.35898,1880000,1380000
2014-01-06 00:04:25.135000,1.35903,1.35898,2250000,1130000
2014-01-06 00:04:31.387000,1.35902,1.35897,1130000,1500000
2014-01-06 00:04:31.988000,1.35903,1.35899,1880000,1130000
2014-01-06 00:04:32.505000,1.35903,1.35900,1880000,1000000
2014-01-06 00:04:34.296000,1.35902,1.35898,1750000,1380000
2014-01-06 00:04:34.497000,1.35900,1.35898,1130000,1000000
2014-01-06 00:04:34.548000,1.35900,1.35896,1500000,1000000
2014-01-06 00:04:34.824000,1.35900,1.35896,1500000,1500000
2014-01-06 00:04:35.314000,1.35900,1.35896,1500000,1880000
2014-01-06 00:04:35.628000,1.35903,1.35899,1880000,1130000
2014-01-06 00:04:37.153000,1.35903,1.35898,2250000,1380000
2014-01-06 00:04:37.384000,1.35902,1.35897,1880000,1880000
2014-01-06 00:04:37.835000,1.35899,1.35896,1500000,1000000
2014-01-06 00:04:38.707000,1.35897,1.35893,1000000,1130000
2014-01-06 00:04:39.245000,1.35896,1.35893,1000000,1500000
2014-01-06 00:04:39.346000,1.35898,1.35895,1000000,1000000
2014-01-06 00:04:39.912000,1.35898,1.35893,1000000,1500000
2014-01-06 00:04:40.426000,1.35899,1.35895,1880000,1000000
2014-01-06 00:04:41.414000,1.35899,1.35896,1880000,1000000
2014-01-06 00:04:41.464000,1.35898,1.35893,1000000,1380000
2014-01-06 00:04:41.895000,1.35898,1.35895,1000000,1000000
2014-01-06 00:04:41.996000,1.35900,1.35895,1880000,1380000
2014-01-06 00:04:43.764000,1.35901,1.35896,3000000,1000000
2014-01-06 00:04:43.876000,1.35898,1.35896,1130000,1000000
2014-01-06 00:04:44.534000,1.35898,1.35894,1880000,1380000
2014-01-06 00:04:49.663000,1.35898,1.35896,1130000,1000000
2014-01-06 00:04:56.153000,1.35898,1.35895,1130000,1130000
2014-01-06 00:05:03.094000,1.35898,1.35894,1880000,1380000
2014-01-06 00:05:05.927000,1.35898,1.35894,2630000,1380000
2014-01-06 00:05:09.689000,1.35897,1.35893,1000000,1380000
2014-01-06 00:05:10.284000,1.35898,1.35895,1880000,1130000
2014-01-06 00:05:14.187000,1.35898,1.35894,2630000,1380000
2014-01-06 00:05:14.289000,1.35898,1.35894,2630000,1380000
2014-01-06 00:05:14.541000,1.35898,1.35894,2630000,1380000
2014-01-06 00:05:14.642000,1.35898,1.35896,2630000,1000000
2014-01-06 00:05:15.991000,1.35908,1.35896,2850000,10500000
2014-01-06 00:05:21.177000,1.35905,1.35898,1500000,5250000
2014-01-06 00:05:22.117000,1.35900,1.35894,1000000,1000000
2014-01-06 00:05:23.974000,1.35898,1.35892,1000000,1000000
2014-01-06 00:05:27.407000,1.35898,1.35892,1000000,1000000
2014-01-06 00:05:29.336000,1.35900,1.35896,1880000,1000000
2014-01-06 00:05:34.836000,1.35898,1.35896,1000000,1000000
2014-01-06 00:05:35.378000,1.35897,1.35893,1000000,1000000
2014-01-06 00:05:40.119000,1.35898,1.35895,1000000,1000000
2014-01-06 00:05:43.810000,1.35898,1.35894,1000000,1000000
2014-01-06 00:05:43.923000,1.35900,1.35896,1000000,1050000
2014-01-06 00:05:44.951000,1.35900,1.35896,2250000,1000000
2014-01-06 00:05:45.336000,1.35905,1.35886,1500000,1750000
2014-01-06 00:05:45.727000,1.35902,1.35893,1000000,1000000
2014-01-06 00:05:52.718000,1.35905,1.35893,1500000,1000000
2014-01-06 00:05:52.819000,1.35904,1.35892,1500000,1880000
2014-01-06 00:05:53.040000,1.35908,1.35896,2850000,8260000
2014-01-06 00:05:53.165000,1.35905,1.35896,1500000,6380000
2014-01-06 00:05:53.224000,1.35902,1.35896,1000000,6380000
2014-01-06 00:05:53.275000,1.35900,1.35890,1000000,8630000
2014-01-06 00:05:53.375000,1.35903,1.35891,1000000,5630000
2014-01-06 00:05:53.669000,1.35904,1.35895,1000000,1500000
2014-01-06 00:05:56.313000,1.35904,1.35896,1380000,1500000
2014-01-06 00:05:56.924000,1.35900,1.35892,1880000,1000000
2014-01-06 00:05:58.776000,1.35901,1.35896,2250000,1500000
2014-01-06 00:05:59.243000,1.35897,1.35892,1000000,1500000
2014-01-06 00:06:00.978000,1.35896,1.35892,1000000,1500000
2014-01-06 00:06:01.458000,1.35896,1.35895,1000000,1500000
2014-01-06 00:06:04.186000,1.35902,1.35895,1880000,8630000
2014-01-06 00:06:06.216000,1.35897,1.35895,1000000,8630000
2014-01-06 00:06:07.617000,1.35897,1.35895,1000000,8630000
2014-01-06 00:06:08.145000,1.35898,1.35895,1000000,8630000
2014-01-06 00:06:15.180000,1.35899,1.35895,1000000,10500000
2014-01-06 00:06:15.603000,1.35899,1.35895,1130000,12380000
2014-01-06 00:06:15.906000,1.35902,1.35897,2250000,3760000
2014-01-06 00:06:16.939000,1.35902,1.35900,2250000,1000000
2014-01-06 00:06:17.140000,1.35902,1.35897,3000000,2250000
2014-01-06 00:06:17.191000,1.35902,1.35897,3380000,1880000
2014-01-06 00:06:17.768000,1.35900,1.35897,1380000,1380000
2014-01-06 00:06:18.019000,1.35899,1.35895,2250000,10500000
2014-01-06 00:06:18.322000,1.35896,1.35894,1500000,1000000
2014-01-06 00:06:18.476000,1.35894,1.35890,1380000,2630000
2014-01-06 00:06:18.978000,1.35890,1.35887,1000000,1880000
2014-01-06 00:06:22.721000,1.35889,1.35887,1380000,1500000
2014-01-06 00:06:22.772000,1.35889,1.35885,1880000,1130000
2014-01-06 00:06:22.872000,1.35889,1.35885,2250000,1000000
2014-01-06 00:06:23.615000,1.35889,1.35885,2630000,1000000
2014-01-06 00:06:23.951000,1.35890,1.35885,1130000,1380000
2014-01-06 00:06:26.021000,1.35892,1.35887,2250000,1500000
2014-01-06 00:06:26.373000,1.35888,1.35885,1500000,1130000
2014-01-06 00:06:26.740000,1.35890,1.35886,1130000,1380000
2014-01-06 00:06:26.920000,1.35891,1.35886,2250000,1380000
2014-01-06 00:06:32.788000,1.35891,1.35887,1380000,1380000
2014-01-06 00:06:33.329000,1.35891,1.35889,1000000,4500000
2014-01-06 00:06:39.643000,1.35900,1.35895,1500000,1500000
2014-01-06 00:06:40.144000,1.35900,1.35895,2250000,1500000
2014-01-06 00:06:40.758000,1.35900,1.35896,1500000,1500000
2014-01-06 00:06:47.316000,1.35900,1.35896,1750000,1500000
2014-01-06 00:06:48.071000,1.35898,1.35894,2250000,1880000
2014-01-06 00:07:05.855000,1.35897,1.35893,1500000,1880000
2014-01-06 00:07:10.036000,1.35897,1.35893,1130000,1880000
2014-01-06 00:07:12.235000,1.35896,1.35893,1000000,1380000
2014-01-06 00:07:13.574000,1.35897,1.35893,1130000,1880000
2014-01-06 00:07:20.574000,1.35896,1.35892,1000000,2630000
2014-01-06 00:07:24.779000,1.35896,1.35893,1000000,1130000
2014-01-06 00:07:25.439000,1.35896,1.35894,1000000,1000000
2014-01-06 00:07:28.002000,1.35897,1.35894,1500000,1000000
2014-01-06 00:07:34.371000,1.35898,1.35894,1000000,3000000
2014-01-06 00:07:34.874000,1.35899,1.35896,1130000,1130000
2014-01-06 00:07:41.403000,1.35899,1.35895,1380000,2250000
2014-01-06 00:07:46.062000,1.35899,1.35895,1880000,1880000
2014-01-06 00:07:46.863000,1.35897,1.35895,1000000,1000000
2014-01-06 00:07:47.481000,1.35897,1.35894,1000000,1000000
2014-01-06 00:07:48.233000,1.35897,1.35895,1000000,1000000
2014-01-06 00:07:50.764000,1.35897,1.35894,1000000,1000000
2014-01-06 00:07:54.395000,1.35897,1.35893,1130000,1130000
2014-01-06 00:07:57.364000,1.35898,1.35894,3000000,1000000
2014-01-06 00:07:58.355000,1.35898,1.35895,2250000,1000000
2014-01-06 00:07:58.807000,1.35897,1.35893,1130000,1130000
2014-01-06 00:08:00.004000,1.35898,1.35894,3000000,1000000
2014-01-06 00:08:01.449000,1.35897,1.35893,1500000,1130000
2014-01-06 00:08:04.515000,1.35897,1.35894,1000000,1000000
2014-01-06 00:08:05.028000,1.35897,1.35893,1500000,1130000
2014-01-06 00:08:06.068000,1.35897,1.35894,1000000,1000000
2014-01-06 00:08:07.595000,1.35897,1.35893,1500000,1130000
2014-01-06 00:08:08.468000,1.35895,1.35893,1130000,1000000
2014-01-06 00:08:08.518000,1.35895,1.35891,1880000,1880000
2014-01-06 00:08:08.569000,1.35895,1.35891,3000000,1130000
2014-01-06 00:08:09.095000,1.35894,1.35890,1880000,1000000
2014-01-06 00:08:09.384000,1.35894,1.35890,1000000,1380000
2014-01-06 00:08:09.978000,1.35895,1.35891,2250000,1130000
2014-01-06 00:08:12.434000,1.35894,1.35890,1000000,1880000
2014-01-06 00:08:13.755000,1.35895,1.35891,2250000,1130000
2014-01-06 00:08:16.064000,1.35894,1.35890,1000000,1880000
2014-01-06 00:08:19.528000,1.35894,1.35890,1000000,2250000
2014-01-06 00:08:20.060000,1.35895,1.35892,1000000,1880000
2014-01-06 00:08:21.175000,1.35897,1.35893,1500000,1130000
2014-01-06 00:08:21.783000,1.35897,1.35894,1000000,1000000
2014-01-06 00:08:24.033000,1.35897,1.35895,1000000,1000000
2014-01-06 00:08:26.830000,1.35900,1.35897,1380000,1000000
2014-01-06 00:08:27.162000,1.35899,1.35896,1000000,1000000
2014-01-06 00:08:27.263000,1.35908,1.35905,1880000,1130000
2014-01-06 00:08:27.314000,1.35908,1.35902,2630000,1130000
2014-01-06 00:08:27.414000,1.35907,1.35905,1000000,1000000
2014-01-06 00:08:28.117000,1.35908,1.35904,2630000,1000000
2014-01-06 00:08:28.619000,1.35907,1.35904,1000000,1000000
2014-01-06 00:08:29.146000,1.35907,1.35905,1000000,1000000
2014-01-06 00:08:29.665000,1.35907,1.35903,1000000,1880000
2014-01-06 00:08:29.766000,1.35910,1.35906,1130000,1000000
2014-01-06 00:08:30.634000,1.35911,1.35906,1880000,1500000
2014-01-06 00:08:30.737000,1.35911,1.35907,1880000,1880000
2014-01-06 00:08:30.787000,1.35913,1.35910,1130000,1000000
2014-01-06 00:08:30.890000,1.35915,1.35910,3000000,1380000
2014-01-06 00:08:30.991000,1.35915,1.35912,1880000,1130000
2014-01-06 00:08:31.092000,1.35918,1.35916,1000000,1000000
2014-01-06 00:08:31.193000,1.35917,1.35909,1380000,1130000
2014-01-06 00:08:31.445000,1.35910,1.35909,1130000,1500000
2014-01-06 00:08:31.546000,1.35909,1.35905,1000000,1380000
2014-01-06 00:08:32.576000,1.35909,1.35906,1880000,1000000
2014-01-06 00:08:33.085000,1.35907,1.35905,1130000,1000000
2014-01-06 00:08:34.593000,1.35909,1.35906,2250000,1000000
2014-01-06 00:08:35.296000,1.35906,1.35902,1000000,1380000
2014-01-06 00:08:35.447000,1.35903,1.35899,2250000,1380000
2014-01-06 00:08:35.759000,1.35901,1.35899,1000000,1000000
2014-01-06 00:08:36.387000,1.35901,1.35897,1500000,1500000
2014-01-06 00:08:37.124000,1.35900,1.35896,1000000,1750000
2014-01-06 00:08:37.385000,1.35900,1.35896,1500000,1130000
2014-01-06 00:08:41.823000,1.35900,1.35897,1000000,1000000
2014-01-06 00:08:42.358000,1.35902,1.35896,1880000,3000000
2014-01-06 00:08:42.710000,1.35910,1.35905,1130000,1130000
2014-01-06 00:08:43.212000,1.35909,1.35904,1000000,1130000
2014-01-06 00:08:43.448000,1.35906,1.35904,1000000,1000000
2014-01-06 00:08:43.750000,1.35904,1.35900,1000000,1500000
2014-01-06 00:08:47.003000,1.35903,1.35899,1000000,1750000
2014-01-06 00:08:50.974000,1.35902,1.35899,1000000,1750000
2014-01-06 00:08:51.586000,1.35903,1.35899,1000000,1750000
2014-01-06 00:08:56.673000,1.35905,1.35900,1880000,1500000
2014-01-06 00:08:57.198000,1.35904,1.35901,1130000,1130000
2014-01-06 00:09:01.734000,1.35905,1.35901,1130000,1130000
2014-01-06 00:09:02.394000,1.35904,1.35901,1000000,1130000
2014-01-06 00:09:02.969000,1.35905,1.35901,1500000,1130000
2014-01-06 00:09:07.043000,1.35904,1.35899,1000000,2250000
2014-01-06 00:09:07.721000,1.35903,1.35898,1130000,2250000
2014-01-06 00:09:07.821000,1.35903,1.35898,1880000,1880000
2014-01-06 00:09:08.039000,1.35900,1.35897,1000000,2630000
2014-01-06 00:09:08.240000,1.35904,1.35900,1000000,1000000
2014-01-06 00:09:08.391000,1.35904,1.35901,1000000,1880000
2014-01-06 00:09:08.492000,1.35907,1.35903,2630000,1130000
2014-01-06 00:09:08.883000,1.35905,1.35902,1000000,1500000
2014-01-06 00:09:12.512000,1.35906,1.35902,1000000,2630000
2014-01-06 00:09:13.045000,1.35907,1.35903,1500000,1130000
2014-01-06 00:09:15.152000,1.35907,1.35904,1000000,1000000
2014-01-06 00:09:15.502000,1.35910,1.35907,1000000,1000000
2014-01-06 00:09:15.810000,1.35919,1.35915,1880000,1750000
2014-01-06 00:09:16.066000,1.35919,1.35914,1000000,2630000
2014-01-06 00:09:16.320000,1.35920,1.35914,2630000,1000000
2014-01-06 00:09:16.622000,1.35915,1.35912,1880000,1000000
2014-01-06 00:09:16.672000,1.35913,1.35911,1000000,1000000
2014-01-06 00:09:16.722000,1.35913,1.35909,1500000,1000000
2014-01-06 00:09:18.114000,1.35913,1.35908,1500000,1500000
2014-01-06 00:09:18.655000,1.35912,1.35908,1000000,1000000
2014-01-06 00:09:18.764000,1.35913,1.35910,1000000,1750000
2014-01-06 00:09:18.915000,1.35915,1.35912,1000000,1000000
2014-01-06 00:09:19.452000,1.35915,1.35912,1000000,1000000
2014-01-06 00:09:19.957000,1.35915,1.35912,1000000,1000000
2014-01-06 00:09:20.862000,1.35915,1.35912,1000000,1000000
2014-01-06 00:09:22.339000,1.35915,1.35912,1000000,1000000
2014-01-06 00:09:22.999000,1.35915,1.35912,1000000,1000000
2014-01-06 00:09:27.351000,1.35915,1.35912,1000000,1000000
2014-01-06 00:09:32.902000,1.35915,1.35912,1000000,1000000
2014-01-06 00:09:33.953000,1.35918,1.35914,2250000,1000000
2014-01-06 00:09:35.529000,1.35917,1.35913,1130000,1500000
2014-01-06 00:09:45.723000,1.35916,1.35913,1000000,1000000
2014-01-06 00:09:48.372000,1.35917,1.35913,1130000,1500000
2014-01-06 00:09:50.122000,1.35918,1.35914,2250000,1000000
2014-01-06 00:09:51.224000,1.35917,1.35913,1130000,1000000
2014-01-06 00:09:53.832000,1.35917,1.35913,1500000,1880000
2014-01-06 00:09:53.933000,1.35919,1.35914,1500000,1500000
2014-01-06 00:09:54.632000,1.35920,1.35915,2250000,1380000
2014-01-06 00:10:00.778000,1.35920,1.35916,2250000,1380000
2014-01-06 00:10:00.878000,1.35920,1.35919,1000000,1000000
2014-01-06 00:10:01.180000,1.35925,1.35921,1000000,1000000
2014-01-06 00:10:01.281000,1.35924,1.35920,1130000,1000000
2014-01-06 00:10:01.331000,1.35924,1.35920,1500000,1000000
2014-01-06 00:10:01.533000,1.35922,1.35918,1500000,1000000
2014-01-06 00:10:02.055000,1.35923,1.35919,1500000,1000000
2014-01-06 00:10:02.388000,1.35922,1.35917,1880000,1500000
2014-01-06 00:10:02.489000,1.35920,1.35916,1880000,1000000
2014-01-06 00:10:02.685000,1.35915,1.35913,1380000,1000000
2014-01-06 00:10:02.736000,1.35914,1.35912,1130000,1000000
2014-01-06 00:10:02.844000,1.35912,1.35907,1130000,1000000
2014-01-06 00:10:02.945000,1.35912,1.35909,1130000,1000000
2014-01-06 00:10:04.471000,1.35913,1.35909,1000000,1500000
2014-01-06 00:10:04.723000,1.35915,1.35912,1880000,1000000
2014-01-06 00:10:04.824000,1.35915,1.35909,1130000,1500000
2014-01-06 00:10:05.086000,1.35913,1.35910,1500000,1000000
2014-01-06 00:10:05.353000,1.35913,1.35908,1380000,1000000
2014-01-06 00:10:06.444000,1.35910,1.35908,1000000,1000000
2014-01-06 00:10:06.810000,1.35912,1.35909,1000000,1130000
2014-01-06 00:10:06.911000,1.35915,1.35911,2630000,1130000
2014-01-06 00:10:07.062000,1.35916,1.35912,1130000,1500000
2014-01-06 00:10:07.371000,1.35920,1.35915,2250000,1380000
2014-01-06 00:10:16.669000,1.35919,1.35914,1000000,2630000
2014-01-06 00:10:17.429000,1.35920,1.35915,1500000,1380000
2014-01-06 00:10:19.908000,1.35919,1.35914,1000000,2630000
2014-01-06 00:10:21.621000,1.35920,1.35915,1500000,1380000
2014-01-06 00:10:26.168000,1.35919,1.35914,1000000,2630000
2014-01-06 00:10:26.691000,1.35920,1.35916,1000000,1130000
2014-01-06 00:10:27.386000,1.35919,1.35914,1000000,2630000
2014-01-06 00:10:29.290000,1.35919,1.35915,1380000,1000000
2014-01-06 00:10:29.693000,1.35914,1.35909,1500000,1000000
2014-01-06 00:10:29.754000,1.35911,1.35906,1500000,1380000
2014-01-06 00:10:30.190000,1.35910,1.35905,1500000,1000000
2014-01-06 00:10:30.706000,1.35909,1.35904,1500000,1130000
2014-01-06 00:10:31.301000,1.35910,1.35905,1500000,1130000
2014-01-06 00:10:31.950000,1.35911,1.35906,1500000,1000000
2014-01-06 00:10:33.180000,1.35909,1.35905,1500000,1130000
2014-01-06 00:10:33.483000,1.35909,1.35905,2250000,1000000
2014-01-06 00:10:34.013000,1.35908,1.35904,1500000,1000000
2014-01-06 00:10:34.602000,1.35909,1.35905,1880000,1000000
2014-01-06 00:10:38.298000,1.35909,1.35905,1130000,2250000
2014-01-06 00:10:38.402000,1.35909,1.35907,1000000,1500000
2014-01-06 00:10:38.905000,1.35910,1.35908,1000000,1000000
2014-01-06 00:10:39.552000,1.35910,1.35907,1000000,1500000
2014-01-06 00:10:41.851000,1.35910,1.35908,1000000,1000000
2014-01-06 00:10:41.952000,1.35913,1.35908,2630000,1000000
2014-01-06 00:10:42.104000,1.35913,1.35908,2630000,1000000
2014-01-06 00:10:42.748000,1.35910,1.35907,1000000,1000000
2014-01-06 00:10:42.849000,1.35913,1.35909,1000000,1000000
2014-01-06 00:10:43.499000,1.35913,1.35908,1500000,1500000
2014-01-06 00:10:44.009000,1.35913,1.35909,1000000,1000000
2014-01-06 00:10:45.039000,1.35913,1.35911,1000000,1000000
2014-01-06 00:10:45.217000,1.35915,1.35911,1000000,1130000
2014-01-06 00:10:45.369000,1.35918,1.35912,1380000,1880000
2014-01-06 00:10:45.520000,1.35919,1.35914,1380000,1880000
2014-01-06 00:10:46.058000,1.35919,1.35914,1000000,2250000
2014-01-06 00:10:48.345000,1.35918,1.35914,1000000,1880000
2014-01-06 00:10:48.633000,1.35918,1.35914,1500000,1000000
2014-01-06 00:10:48.792000,1.35915,1.35913,1500000,1000000
2014-01-06 00:10:48.943000,1.35910,1.35907,1000000,1750000
2014-01-06 00:10:49.043000,1.35910,1.35906,1000000,1880000
2014-01-06 00:10:51.421000,1.35910,1.35907,1000000,1000000
2014-01-06 00:10:51.591000,1.35912,1.35907,1130000,1380000
2014-01-06 00:10:52.092000,1.35910,1.35907,1500000,1000000
2014-01-06 00:10:53.029000,1.35912,1.35907,1880000,2250000
2014-01-06 00:10:53.079000,1.35914,1.35910,1500000,1000000
2014-01-06 00:10:53.130000,1.35917,1.35912,1130000,1000000
2014-01-06 00:10:53.336000,1.35918,1.35913,3000000,1000000
2014-01-06 00:10:53.387000,1.35918,1.35915,1500000,1380000
2014-01-06 00:10:53.986000,1.35920,1.35915,3000000,1380000
2014-01-06 00:10:55.792000,1.35918,1.35913,1000000,2630000
2014-01-06 00:11:01.400000,1.35917,1.35913,1000000,2250000
2014-01-06 00:11:02.719000,1.35919,1.35914,1130000,1500000
2014-01-06 00:11:07.520000,1.35920,1.35915,3000000,1380000
2014-01-06 00:11:08.483000,1.35920,1.35916,2250000,1380000
2014-01-06 00:11:08.988000,1.35920,1.35917,1500000,1000000
2014-01-06 00:11:11.778000,1.35920,1.35917,1500000,1000000
2014-01-06 00:11:14.304000,1.35920,1.35916,1500000,1880000
2014-01-06 00:11:14.880000,1.35920,1.35916,1500000,1880000
2014-01-06 00:11:16.075000,1.35920,1.35916,1000000,3380000
2014-01-06 00:11:16.226000,1.35924,1.35920,1500000,2250000
2014-01-06 00:11:16.276000,1.35924,1.35920,1500000,2250000
2014-01-06 00:11:16.543000,1.35928,1.35924,1000000,1880000
2014-01-06 00:11:17.057000,1.35930,1.35925,2250000,1000000
2014-01-06 00:11:17.574000,1.35930,1.35926,1130000,1130000
2014-01-06 00:11:18.781000,1.35930,1.35927,1130000,1000000
2014-01-06 00:11:19.438000,1.35930,1.35926,1130000,1130000
2014-01-06 00:11:20.429000,1.35929,1.35924,1000000,2250000
2014-01-06 00:11:22.300000,1.35930,1.35925,1880000,1380000
2014-01-06 00:11:26.913000,1.35930,1.35927,1000000,1000000
2014-01-06 00:11:29.565000,1.35930,1.35926,1000000,1130000
2014-01-06 00:11:32.589000,1.35930,1.35927,1000000,1000000
2014-01-06 00:11:33.145000,1.35930,1.35928,1000000,1000000
2014-01-06 00:11:35.119000,1.35933,1.35929,1000000,1130000
2014-01-06 00:11:35.220000,1.35939,1.35932,2630000,1500000
2014-01-06 00:11:35.329000,1.35933,1.35930,1000000,1500000
2014-01-06 00:11:35.481000,1.35936,1.35931,1000000,1000000
2014-01-06 00:11:35.582000,1.35933,1.35930,1000000,1000000
2014-01-06 00:11:35.683000,1.35932,1.35928,1130000,1000000
2014-01-06 00:11:36.343000,1.35933,1.35928,1880000,1000000
2014-01-06 00:11:36.645000,1.35920,1.35916,1130000,1000000
2014-01-06 00:11:36.695000,1.35920,1.35916,1130000,1500000
2014-01-06 00:11:37.429000,1.35920,1.35917,1130000,1000000
2014-01-06 00:11:38.322000,1.35920,1.35916,1130000,1500000
2014-01-06 00:11:39.609000,1.35920,1.35916,1380000,1500000
2014-01-06 00:11:45.662000,1.35920,1.35916,1130000,1130000
2014-01-06 00:11:46.178000,1.35919,1.35917,1000000,1000000
2014-01-06 00:11:46.682000,1.35919,1.35914,1500000,1750000
2014-01-06 00:11:48.118000,1.35918,1.35916,1000000,1130000
2014-01-06 00:11:49.287000,1.35920,1.35916,1880000,1130000
2014-01-06 00:11:54.811000,1.35920,1.35917,1880000,1000000
2014-01-06 00:11:57.870000,1.35920,1.35917,1880000,1000000
2014-01-06 00:11:59.321000,1.35920,1.35915,2630000,1500000
2014-01-06 00:12:01.078000,1.35920,1.35917,1880000,1000000
2014-01-06 00:12:05.278000,1.35920,1.35917,1130000,1500000
2014-01-06 00:12:05.329000,1.35922,1.35919,1000000,1130000
2014-01-06 00:12:05.380000,1.35924,1.35921,1000000,1130000
2014-01-06 00:12:05.432000,1.35924,1.35920,1880000,1000000
2014-01-06 00:12:06.240000,1.35921,1.35918,2250000,1000000
2014-01-06 00:12:07.928000,1.35921,1.35918,1000000,1500000
2014-01-06 00:12:08.029000,1.35924,1.35921,1130000,1130000
2014-01-06 00:12:08.079000,1.35923,1.35920,1130000,1000000
2014-01-06 00:12:08.230000,1.35924,1.35921,1130000,1130000
2014-01-06 00:12:08.333000,1.35924,1.35921,1380000,1000000
2014-01-06 00:12:08.585000,1.35921,1.35917,1500000,1000000
2014-01-06 00:12:09.087000,1.35920,1.35918,1000000,1000000
2014-01-06 00:12:09.792000,1.35920,1.35918,1000000,1000000
2014-01-06 00:12:10.693000,1.35922,1.35919,1000000,1750000
2014-01-06 00:12:10.794000,1.35924,1.35921,1380000,1130000
2014-01-06 00:12:11.442000,1.35924,1.35922,1130000,1000000
2014-01-06 00:12:11.954000,1.35924,1.35921,1130000,1130000
2014-01-06 00:12:18.194000,1.35923,1.35920,1000000,1130000
2014-01-06 00:12:18.496000,1.35927,1.35924,1500000,1000000
2014-01-06 00:12:18.647000,1.35926,1.35922,1500000,2250000
2014-01-06 00:12:19.187000,1.35928,1.35926,1500000,1130000
2014-01-06 00:12:19.693000,1.35929,1.35926,1000000,1130000
2014-01-06 00:12:22.182000,1.35930,1.35926,1130000,1130000
2014-01-06 00:12:23.333000,1.35930,1.35926,1880000,1000000
2014-01-06 00:12:25.448000,1.35930,1.35925,2630000,1130000
2014-01-06 00:12:28.347000,1.35930,1.35927,1880000,1000000
2014-01-06 00:12:29.338000,1.35930,1.35926,1130000,1000000
2014-01-06 00:12:33.480000,1.35930,1.35927,1380000,1000000
2014-01-06 00:12:36.994000,1.35932,1.35927,2630000,1130000
2014-01-06 00:12:37.094000,1.35931,1.35927,1000000,1880000
2014-01-06 00:12:37.411000,1.35935,1.35932,1130000,1000000
2014-01-06 00:12:37.663000,1.35934,1.35931,1000000,1130000
2014-01-06 00:12:38.199000,1.35935,1.35931,1880000,1130000
2014-01-06 00:12:38.858000,1.35934,1.35931,1000000,1130000
2014-01-06 00:12:39.428000,1.35934,1.35932,1000000,1000000
2014-01-06 00:12:39.940000,1.35935,1.35932,1000000,1000000
2014-01-06 00:12:40.096000,1.35937,1.35934,1880000,1000000
2014-01-06 00:12:40.348000,1.35938,1.35936,1130000,1130000
2014-01-06 00:12:40.757000,1.35937,1.35933,1880000,1880000
2014-01-06 00:12:40.965000,1.35936,1.35933,1380000,1000000
2014-01-06 00:12:41.283000,1.35933,1.35932,1000000,1000000
2014-01-06 00:12:41.636000,1.35933,1.35931,1130000,1000000
2014-01-06 00:12:41.890000,1.35930,1.35928,1000000,1000000
2014-01-06 00:12:43.178000,1.35928,1.35926,1130000,1000000
2014-01-06 00:12:45.549000,1.35928,1.35926,1130000,1000000
2014-01-06 00:12:46.958000,1.35928,1.35925,1130000,1000000
2014-01-06 00:12:47.506000,1.35928,1.35925,1880000,1000000
2014-01-06 00:12:48.938000,1.35928,1.35925,1880000,1000000
2014-01-06 00:12:51.357000,1.35928,1.35925,1130000,1000000
2014-01-06 00:12:58.947000,1.35928,1.35925,1130000,1000000
2014-01-06 00:13:00.707000,1.35928,1.35924,1880000,1000000
2014-01-06 00:13:03.464000,1.35928,1.35925,1130000,1000000
2014-01-06 00:13:05.472000,1.35928,1.35925,1130000,1000000
2014-01-06 00:13:06.426000,1.35928,1.35925,1130000,1000000
2014-01-06 00:13:07.324000,1.35928,1.35925,1130000,1000000
2014-01-06 00:13:11.615000,1.35928,1.35924,1880000,1000000
2014-01-06 00:13:17.555000,1.35928,1.35925,1130000,1000000
2014-01-06 00:13:24.897000,1.35930,1.35926,1000000,1500000
2014-01-06 00:13:24.948000,1.35930,1.35926,1380000,1500000
2014-01-06 00:13:25.150000,1.35931,1.35928,1130000,1000000
2014-01-06 00:13:25.579000,1.35934,1.35929,1880000,1380000
2014-01-06 00:13:25.630000,1.35934,1.35929,1880000,1500000
2014-01-06 00:13:26.245000,1.35935,1.35931,1880000,1000000
2014-01-06 00:13:26.468000,1.35932,1.35927,1130000,2630000
2014-01-06 00:13:26.519000,1.35932,1.35927,1500000,2250000
2014-01-06 00:13:27.078000,1.35933,1.35928,2630000,1000000
2014-01-06 00:13:28.119000,1.35932,1.35927,1500000,1880000
2014-01-06 00:13:28.500000,1.35932,1.35927,1500000,1880000
2014-01-06 00:13:31.378000,1.35931,1.35928,1130000,1000000
2014-01-06 00:13:33.040000,1.35931,1.35927,1500000,1000000
2014-01-06 00:13:34.018000,1.35931,1.35928,1130000,1000000
2014-01-06 00:13:37.317000,1.35931,1.35927,1500000,1000000
2014-01-06 00:13:40.836000,1.35930,1.35926,2630000,1000000
2014-01-06 00:13:41.385000,1.35929,1.35925,1380000,1000000
2014-01-06 00:13:42.268000,1.35928,1.35924,1130000,1880000
2014-01-06 00:13:42.982000,1.35929,1.35925,1380000,1000000
2014-01-06 00:13:43.591000,1.35928,1.35924,1130000,1500000
2014-01-06 00:13:49.524000,1.35929,1.35925,1380000,1000000
2014-01-06 00:13:51.994000,1.35930,1.35926,2630000,1000000
2014-01-06 00:13:52.542000,1.35929,1.35925,1380000,1000000
2014-01-06 00:13:57.119000,1.35928,1.35924,1130000,1000000
2014-01-06 00:13:58.437000,1.35927,1.35923,1000000,1880000
2014-01-06 00:14:02.286000,1.35926,1.35923,1000000,1130000
2014-01-06 00:14:05.956000,1.35927,1.35923,1000000,1880000
2014-01-06 00:14:12.838000,1.35928,1.35924,1500000,1000000
2014-01-06 00:14:20.205000,1.35927,1.35925,1000000,1000000
2014-01-06 00:14:24.642000,1.35927,1.35924,1000000,1000000
2014-01-06 00:14:26.294000,1.35927,1.35923,1500000,2250000
2014-01-06 00:14:27.807000,1.35927,1.35924,1000000,1000000
2014-01-06 00:14:29.521000,1.35928,1.35924,1130000,1380000
2014-01-06 00:14:29.823000,1.35932,1.35928,3000000,2250000
2014-01-06 00:14:29.923000,1.35931,1.35926,1500000,1130000
2014-01-06 00:14:33.339000,1.35932,1.35927,1880000,1000000
2014-01-06 00:14:34.545000,1.35932,1.35928,1130000,1000000
2014-01-06 00:14:35.323000,1.35932,1.35927,1880000,1000000
2014-01-06 00:14:36.196000,1.35932,1.35928,1130000,1000000
2014-01-06 00:14:36.427000,1.35932,1.35928,1000000,2250000
2014-01-06 00:14:37.136000,1.35932,1.35929,1000000,1000000
2014-01-06 00:14:37.187000,1.35932,1.35930,1000000,1000000
2014-01-06 00:14:37.256000,1.35932,1.35929,1000000,1000000
2014-01-06 00:14:37.566000,1.35934,1.35930,1380000,1880000
2014-01-06 00:14:37.869000,1.35938,1.35934,1880000,1000000
2014-01-06 00:14:38.626000,1.35938,1.35934,1880000,1000000
2014-01-06 00:14:39.880000,1.35939,1.35936,1130000,1500000
2014-01-06 00:14:39.930000,1.35941,1.35938,1000000,2500000
2014-01-06 00:14:40.082000,1.35940,1.35937,1380000,1130000
2014-01-06 00:14:40.233000,1.35940,1.35935,1880000,1500000
2014-01-06 00:14:44.054000,1.35940,1.35935,1880000,2630000
2014-01-06 00:14:44.714000,1.35940,1.35935,1380000,1880000
2014-01-06 00:14:46.153000,1.35940,1.35934,1880000,1000000
2014-01-06 00:14:46.744000,1.35938,1.35934,1880000,1000000
2014-01-06 00:14:47.501000,1.35937,1.35933,1500000,1130000
2014-01-06 00:14:48.694000,1.35938,1.35934,1880000,1000000
2014-01-06 00:14:52.106000,1.35938,1.35934,1500000,2250000
2014-01-06 00:14:52.383000,1.35940,1.35937,1500000,1000000
2014-01-06 00:14:52.736000,1.35942,1.35937,1000000,2250000
2014-01-06 00:14:52.837000,1.35946,1.35940,1880000,2130000
2014-01-06 00:14:53.139000,1.35942,1.35938,1500000,1500000
2014-01-06 00:14:53.400000,1.35940,1.35937,1000000,1880000
2014-01-06 00:14:53.944000,1.35940,1.35937,1000000,1000000
2014-01-06 00:14:55.682000,1.35939,1.35937,1000000,1000000
2014-01-06 00:14:55.884000,1.35943,1.35939,2250000,1000000
2014-01-06 00:14:56.035000,1.35942,1.35939,1750000,1000000
2014-01-06 00:14:56.353000,1.35938,1.35932,1130000,2630000
2014-01-06 00:14:56.744000,1.35937,1.35933,1500000,1130000
2014-01-06 00:14:59.321000,1.35936,1.35932,1380000,2250000
2014-01-06 00:14:59.422000,1.35938,1.35934,2630000,1000000
2014-01-06 00:15:01.667000,1.35938,1.35934,1130000,2250000
2014-01-06 00:15:01.819000,1.35941,1.35936,1880000,1000000
2014-01-06 00:15:01.869000,1.35941,1.35936,2250000,1000000
2014-01-06 00:15:02.394000,1.35941,1.35936,1500000,1000000
2014-01-06 00:15:02.941000,1.35939,1.35935,1380000,1000000
2014-01-06 00:15:12.694000,1.35937,1.35934,1000000,1500000
2014-01-06 00:15:13.940000,1.35938,1.35934,1130000,1500000
2014-01-06 00:15:15.696000,1.35938,1.35934,1880000,1000000
2014-01-06 00:15:15.797000,1.35937,1.35933,1380000,1000000
2014-01-06 00:15:16.654000,1.35935,1.35932,1130000,1000000
2014-01-06 00:15:17.570000,1.35937,1.35933,1500000,1000000
2014-01-06 00:15:18.231000,1.35936,1.35932,1380000,1500000
2014-01-06 00:15:18.966000,1.35937,1.35933,1500000,1000000
2014-01-06 00:15:19.501000,1.35936,1.35932,1380000,2250000
2014-01-06 00:15:20.284000,1.35936,1.35933,1380000,1000000
2014-01-06 00:15:23.565000,1.35938,1.35934,3000000,1000000
2014-01-06 00:15:24.134000,1.35937,1.35933,1500000,1500000
2014-01-06 00:15:24.908000,1.35936,1.35932,1500000,1000000
2014-01-06 00:15:24.958000,1.35936,1.35932,1880000,1000000
2014-01-06 00:15:25.310000,1.35931,1.35928,1000000,1380000
2014-01-06 00:15:25.411000,1.35929,1.35925,1380000,1130000
2014-01-06 00:15:33.694000,1.35930,1.35926,1500000,1000000
2014-01-06 00:15:35.458000,1.35930,1.35925,2250000,1000000
2014-01-06 00:15:37.326000,1.35929,1.35924,1380000,2250000
2014-01-06 00:15:39.460000,1.35930,1.35926,1500000,1000000
2014-01-06 00:15:49.754000,1.35930,1.35925,2250000,1000000
2014-01-06 00:15:52.504000,1.35930,1.35926,1500000,1000000
2014-01-06 00:15:57.698000,1.35930,1.35925,2250000,1000000
2014-01-06 00:16:01.320000,1.35930,1.35926,1500000,1000000
2014-01-06 00:16:02.521000,1.35930,1.35925,2250000,1000000
2014-01-06 00:16:03.097000,1.35929,1.35924,1500000,2250000
2014-01-06 00:16:03.842000,1.35930,1.35925,2250000,1000000
2014-01-06 00:16:04.452000,1.35931,1.35926,2630000,1000000
2014-01-06 00:16:04.985000,1.35930,1.35925,1500000,1000000
2014-01-06 00:16:05.790000,1.35931,1.35926,2630000,1000000
2014-01-06 00:16:06.432000,1.35930,1.35925,1500000,1000000
2014-01-06 00:16:09.926000,1.35929,1.35924,1380000,3000000
2014-01-06 00:16:34.135000,1.35927,1.35924,1000000,1130000
2014-01-06 00:16:34.446000,1.35927,1.35923,1380000,1000000
2014-01-06 00:16:35.069000,1.35924,1.35923,1000000,1000000
2014-01-06 00:16:35.794000,1.35925,1.35923,1130000,1000000
2014-01-06 00:16:36.142000,1.35925,1.35921,1500000,1500000
2014-01-06 00:16:36.752000,1.35922,1.35920,1000000,2250000
2014-01-06 00:16:37.659000,1.35924,1.35920,1380000,3380000
2014-01-06 00:16:38.286000,1.35924,1.35920,1380000,1880000
2014-01-06 00:16:42.265000,1.35923,1.35921,1130000,1500000
2014-01-06 00:16:42.516000,1.35926,1.35922,1380000,2250000
2014-01-06 00:16:42.668000,1.35926,1.35922,1000000,3000000
2014-01-06 00:16:42.933000,1.35929,1.35925,1380000,1130000
2014-01-06 00:16:43.473000,1.35931,1.35926,2250000,1000000
2014-01-06 00:16:45.467000,1.35931,1.35927,1500000,1000000
2014-01-06 00:16:46.322000,1.35932,1.35927,1000000,1500000
2014-01-06 00:16:46.374000,1.35932,1.35926,1380000,1880000
2014-01-06 00:16:46.425000,1.35934,1.35930,1000000,1000000
2014-01-06 00:16:46.476000,1.35934,1.35931,1000000,1130000
2014-01-06 00:16:46.979000,1.35935,1.35932,1130000,1130000
2014-01-06 00:16:47.181000,1.35934,1.35930,1380000,1000000
2014-01-06 00:16:52.451000,1.35934,1.35931,1380000,1000000
2014-01-06 00:16:52.764000,1.35934,1.35932,1000000,1880000
2014-01-06 00:16:53.306000,1.35937,1.35933,1380000,1130000
2014-01-06 00:16:59.075000,1.35938,1.35934,1500000,1000000
2014-01-06 00:17:04.133000,1.35939,1.35935,1380000,1000000
2014-01-06 00:17:04.234000,1.35939,1.35931,1380000,1500000
2014-01-06 00:17:04.285000,1.35935,1.35931,1000000,1000000
2014-01-06 00:17:04.386000,1.35932,1.35928,1130000,2250000
2014-01-06 00:17:04.688000,1.35932,1.35928,1000000,2880000
2014-01-06 00:17:05.141000,1.35931,1.35928,1000000,1000000
2014-01-06 00:17:05.745000,1.35932,1.35928,2250000,1000000
2014-01-06 00:17:07.326000,1.35932,1.35928,1500000,1000000
2014-01-06 00:17:07.828000,1.35932,1.35928,1500000,1000000
2014-01-06 00:17:11.717000,1.35932,1.35929,1500000,1500000
2014-01-06 00:17:11.839000,1.35933,1.35930,1130000,1130000
2014-01-06 00:17:12.169000,1.35933,1.35929,1880000,1000000
2014-01-06 00:17:12.636000,1.35931,1.35928,1500000,1000000
2014-01-06 00:17:18.210000,1.35930,1.35926,1380000,1380000
2014-01-06 00:17:18.512000,1.35927,1.35923,1000000,3000000
2014-01-06 00:17:18.701000,1.35927,1.35923,1380000,1500000
2014-01-06 00:17:20.880000,1.35925,1.35919,1750000,1880000
2014-01-06 00:17:21.082000,1.35919,1.35914,1500000,1500000
2014-01-06 00:17:23.260000,1.35919,1.35916,1380000,1000000
2014-01-06 00:17:23.870000,1.35919,1.35917,1380000,1000000
2014-01-06 00:17:24.129000,1.35919,1.35915,1380000,1000000
2014-01-06 00:17:28.311000,1.35919,1.35916,1500000,1000000
2014-01-06 00:17:29.156000,1.35919,1.35915,1500000,1000000
2014-01-06 00:17:29.923000,1.35919,1.35916,1500000,1000000
2014-01-06 00:17:30.532000,1.35919,1.35916,1500000,1000000
2014-01-06 00:17:30.633000,1.35923,1.35919,1130000,2630000
2014-01-06 00:17:30.734000,1.35920,1.35919,1130000,1880000
2014-01-06 00:17:30.835000,1.35923,1.35919,1380000,1880000
2014-01-06 00:17:30.935000,1.35920,1.35916,1380000,1000000
2014-01-06 00:17:31.087000,1.35920,1.35916,1880000,1000000
2014-01-06 00:17:32.781000,1.35920,1.35917,1380000,1000000
2014-01-06 00:17:34.259000,1.35921,1.35917,1880000,1750000
2014-01-06 00:17:34.523000,1.35936,1.35927,1380000,1000000
2014-01-06 00:17:34.574000,1.35931,1.35929,1000000,1500000
2014-01-06 00:17:34.825000,1.35929,1.35924,1000000,1880000
2014-01-06 00:17:34.926000,1.35929,1.35924,1380000,1880000
2014-01-06 00:17:35.564000,1.35929,1.35924,1380000,2630000
2014-01-06 00:17:36.427000,1.35929,1.35924,1500000,1880000
2014-01-06 00:17:37.832000,1.35929,1.35924,1500000,1880000
2014-01-06 00:17:38.135000,1.35940,1.35936,2250000,1380000
2014-01-06 00:17:38.186000,1.35941,1.35939,2250000,1500000
2014-01-06 00:17:40.169000,1.35941,1.35937,1000000,2630000
2014-01-06 00:17:40.421000,1.35943,1.35937,1130000,3000000
2014-01-06 00:17:43.265000,1.35942,1.35939,1000000,1880000
2014-01-06 00:17:43.794000,1.35943,1.35939,1130000,2250000
2014-01-06 00:17:47.644000,1.35942,1.35939,1000000,1880000
2014-01-06 00:17:48.439000,1.35943,1.35939,1130000,3000000
2014-01-06 00:17:49.539000,1.35942,1.35939,1000000,1500000
2014-01-06 00:17:53.402000,1.35941,1.35938,1380000,1380000
2014-01-06 00:17:53.721000,1.35940,1.35935,1500000,2250000
2014-01-06 00:17:53.901000,1.35940,1.35935,2250000,1000000
2014-01-06 00:17:54.669000,1.35940,1.35935,1500000,1000000
2014-01-06 00:18:06.049000,1.35940,1.35937,1750000,1000000
2014-01-06 00:18:06.864000,1.35940,1.35935,2250000,1000000
2014-01-06 00:18:12.637000,1.35939,1.35936,1380000,1000000
2014-01-06 00:18:15.373000,1.35940,1.35936,1880000,1130000
2014-01-06 00:18:15.424000,1.35941,1.35938,1000000,1130000
2014-01-06 00:18:15.575000,1.35943,1.35940,1130000,1130000
2014-01-06 00:18:16.781000,1.35942,1.35940,1000000,1130000
2014-01-06 00:18:16.948000,1.35941,1.35939,1130000,1000000
2014-01-06 00:18:16.999000,1.35939,1.35935,1130000,1000000
2014-01-06 00:18:17.481000,1.35936,1.35932,1000000,2630000
2014-01-06 00:18:18.641000,1.35935,1.35932,1000000,1880000
2014-01-06 00:18:19.080000,1.35934,1.35931,1880000,1000000
2014-01-06 00:18:19.231000,1.35931,1.35927,1000000,1130000
2014-01-06 00:18:19.282000,1.35931,1.35927,1750000,1000000
2014-01-06 00:18:19.383000,1.35930,1.35927,1500000,1000000
2014-01-06 00:18:19.592000,1.35928,1.35924,1130000,1500000
2014-01-06 00:18:21.088000,1.35928,1.35924,1130000,1880000
2014-01-06 00:18:21.138000,1.35934,1.35926,1130000,1880000
2014-01-06 00:18:21.189000,1.35931,1.35926,1000000,3380000
2014-01-06 00:18:21.777000,1.35932,1.35927,1000000,1880000
2014-01-06 00:18:22.382000,1.35932,1.35928,1000000,1500000
2014-01-06 00:18:22.589000,1.35935,1.35932,1000000,1130000
2014-01-06 00:18:22.740000,1.35936,1.35932,1500000,1880000
2014-01-06 00:18:27.838000,1.35935,1.35933,1130000,1000000
2014-01-06 00:18:29.435000,1.35934,1.35933,1000000,1000000
2014-01-06 00:18:30.659000,1.35935,1.35933,1130000,1000000
2014-01-06 00:18:31.510000,1.35935,1.35932,1130000,1500000
2014-01-06 00:18:32.032000,1.35937,1.35933,1880000,1000000
2014-01-06 00:18:33.396000,1.35936,1.35932,1380000,1500000
2014-01-06 00:18:34.238000,1.35934,1.35931,1380000,1130000
2014-01-06 00:18:34.753000,1.35934,1.35929,1000000,1130000
2014-01-06 00:18:34.853000,1.35936,1.35932,1000000,1500000
2014-01-06 00:18:35.371000,1.35937,1.35933,1000000,1130000
2014-01-06 00:18:46.175000,1.35938,1.35934,1880000,1130000
2014-01-06 00:19:16.889000,1.35940,1.35936,2250000,1500000
2014-01-06 00:19:17.320000,1.35938,1.35934,1130000,1500000
2014-01-06 00:19:19.543000,1.35937,1.35934,1000000,1500000
2014-01-06 00:19:21.525000,1.35939,1.35934,1500000,2250000
2014-01-06 00:19:41.093000,1.35940,1.35935,3380000,1000000
2014-01-06 00:19:56.700000,1.35939,1.35934,1500000,2250000
2014-01-06 00:20:09.536000,1.35939,1.35935,1380000,1000000
2014-01-06 00:20:10.071000,1.35938,1.35934,1130000,1500000
2014-01-06 00:20:16.819000,1.35939,1.35935,1500000,1000000
2014-01-06 00:20:25.480000,1.35939,1.35934,1500000,1880000
2014-01-06 00:20:26.048000,1.35940,1.35935,2630000,1000000
2014-01-06 00:20:27.686000,1.35940,1.35935,1880000,1000000
2014-01-06 00:20:28.441000,1.35939,1.35934,1500000,1880000
2014-01-06 00:20:29.111000,1.35940,1.35934,1880000,2130000
2014-01-06 00:20:29.629000,1.35940,1.35935,2630000,1000000
2014-01-06 00:20:30.143000,1.35940,1.35936,1880000,1000000
2014-01-06 00:20:31.091000,1.35939,1.35934,1500000,1880000
2014-01-06 00:20:33.310000,1.35940,1.35935,2630000,1000000
2014-01-06 00:20:33.920000,1.35939,1.35934,1500000,1880000
2014-01-06 00:20:39.252000,1.35939,1.35935,1500000,1000000
2014-01-06 00:20:40.573000,1.35939,1.35935,1500000,1000000
2014-01-06 00:20:43.850000,1.35939,1.35936,1500000,1000000
2014-01-06 00:20:45.379000,1.35939,1.35936,1500000,1000000
2014-01-06 00:20:48.091000,1.35939,1.35935,1500000,1000000
2014-01-06 00:20:48.643000,1.35939,1.35935,1500000,1000000
2014-01-06 00:20:49.410000,1.35939,1.35935,1500000,1000000
2014-01-06 00:20:51.061000,1.35939,1.35936,1500000,1000000
2014-01-06 00:20:51.613000,1.35939,1.35936,1500000,1000000
2014-01-06 00:20:52.710000,1.35939,1.35935,1500000,1000000
2014-01-06 00:20:53.480000,1.35939,1.35935,1500000,1000000
2014-01-06 00:20:55.023000,1.35939,1.35936,1500000,1000000
2014-01-06 00:20:56.356000,1.35941,1.35939,1500000,1130000
2014-01-06 00:20:56.613000,1.35942,1.35939,1000000,1380000
2014-01-06 00:20:56.764000,1.35950,1.35941,1750000,1000000
2014-01-06 00:20:56.814000,1.35940,1.35939,1000000,1000000
2014-01-06 00:20:57.116000,1.35939,1.35936,1000000,1130000
2014-01-06 00:20:57.796000,1.35939,1.35936,1380000,1000000
2014-01-06 00:21:10.021000,1.35939,1.35935,1500000,1000000
2014-01-06 00:21:10.658000,1.35939,1.35935,1500000,1000000
2014-01-06 00:21:11.424000,1.35939,1.35935,1500000,1000000
2014-01-06 00:21:12.402000,1.35939,1.35935,1000000,1000000
2014-01-06 00:21:13.058000,1.35939,1.35937,1380000,1000000
2014-01-06 00:21:22.520000,1.35939,1.35937,1000000,1500000
2014-01-06 00:21:22.621000,1.35942,1.35937,1380000,2630000
2014-01-06 00:21:22.672000,1.35942,1.35937,1750000,1130000
2014-01-06 00:21:22.722000,1.35943,1.35938,1500000,2130000
2014-01-06 00:21:22.772000,1.35943,1.35938,1880000,2130000
2014-01-06 00:21:24.508000,1.35940,1.35937,1130000,1000000
2014-01-06 00:21:25.120000,1.35940,1.35936,1130000,1130000
2014-01-06 00:21:27.999000,1.35940,1.35937,1130000,1000000
2014-01-06 00:21:34.951000,1.35941,1.35936,1880000,1130000
2014-01-06 00:21:37.101000,1.35941,1.35936,1380000,1000000
2014-01-06 00:21:40.291000,1.35942,1.35938,1880000,1000000
2014-01-06 00:21:41.830000,1.35942,1.35937,3000000,1000000
2014-01-06 00:21:44.306000,1.35941,1.35936,1380000,1130000
2014-01-06 00:21:44.902000,1.35942,1.35937,3000000,1000000
2014-01-06 00:21:45.823000,1.35941,1.35936,1380000,1130000
2014-01-06 00:21:48.346000,1.35939,1.35936,1000000,1130000
2014-01-06 00:21:52.490000,1.35939,1.35934,1880000,2250000
2014-01-06 00:21:52.591000,1.35939,1.35934,2630000,1000000
2014-01-06 00:21:54.376000,1.35937,1.35933,1380000,1500000
2014-01-06 00:21:56.570000,1.35938,1.35935,1500000,1000000
2014-01-06 00:21:56.671000,1.35938,1.35935,1130000,1500000
2014-01-06 00:21:59.538000,1.35938,1.35935,1130000,1500000
2014-01-06 00:22:39.412000,1.35938,1.35934,1380000,4500000
2014-01-06 00:22:39.866000,1.35939,1.35934,1380000,5630000
2014-01-06 00:22:40.398000,1.35939,1.35935,1380000,1000000
2014-01-06 00:22:45.396000,1.35940,1.35935,4500000,1500000
2014-01-06 00:22:55.107000,1.35937,1.35935,1000000,1500000
2014-01-06 00:22:55.617000,1.35938,1.35934,1130000,6750000
2014-01-06 00:22:59.919000,1.35938,1.35934,1500000,6380000
2014-01-06 00:23:00.570000,1.35937,1.35935,1000000,3000000
2014-01-06 00:23:26.710000,1.35937,1.35933,1380000,6750000
2014-01-06 00:23:26.835000,1.35937,1.35935,1000000,2250000
2014-01-06 00:23:27.371000,1.35937,1.35934,1380000,1000000
2014-01-06 00:23:28.094000,1.35937,1.35933,1380000,6000000
2014-01-06 00:23:37.483000,1.35936,1.35934,1380000,2250000
2014-01-06 00:23:38.265000,1.35936,1.35933,1380000,4500000
2014-01-06 00:23:44.928000,1.35937,1.35934,2630000,1000000
2014-01-06 00:23:45.467000,1.35936,1.35933,1380000,1000000
2014-01-06 00:23:51.110000,1.35938,1.35934,6750000,1000000
2014-01-06 00:23:52.903000,1.35938,1.35935,4500000,1130000
2014-01-06 00:23:52.954000,1.35938,1.35935,4130000,1880000
2014-01-06 00:23:53.005000,1.35938,1.35935,4130000,2250000
2014-01-06 00:23:56.690000,1.35939,1.35937,2250000,2130000
2014-01-06 00:23:58.229000,1.35938,1.35937,3000000,1130000
2014-01-06 00:24:00.014000,1.35940,1.35937,10880000,2130000
2014-01-06 00:24:03.695000,1.35939,1.35937,4500000,2130000
2014-01-06 00:24:04.303000,1.35939,1.35937,4500000,1880000
2014-01-06 00:24:06.547000,1.35938,1.35937,2250000,1880000
2014-01-06 00:24:06.890000,1.35941,1.35937,2630000,4880000
2014-01-06 00:24:07.399000,1.35941,1.35937,2630000,4500000
2014-01-06 00:24:09.028000,1.35941,1.35938,1880000,1000000
2014-01-06 00:24:09.914000,1.35941,1.35937,1880000,4500000
2014-01-06 00:24:12.132000,1.35940,1.35937,1130000,4380000
2014-01-06 00:24:12.183000,1.35940,1.35937,1380000,3000000
2014-01-06 00:24:12.885000,1.35938,1.35937,1130000,3000000
2014-01-06 00:24:15.412000,1.35938,1.35935,1130000,1500000
2014-01-06 00:24:15.931000,1.35939,1.35936,2630000,3750000
2014-01-06 00:24:18.812000,1.35939,1.35936,1500000,4510000
2014-01-06 00:24:19.154000,1.35941,1.35939,1500000,1500000
2014-01-06 00:24:19.808000,1.35942,1.35939,4500000,2500000
2014-01-06 00:24:20.475000,1.35941,1.35939,1500000,2260000
2014-01-06 00:24:22.126000,1.35942,1.35939,4500000,1880000
2014-01-06 00:24:22.678000,1.35942,1.35940,4500000,2130000
2014-01-06 00:24:22.907000,1.35942,1.35940,4500000,1500000
2014-01-06 00:24:25.689000,1.35941,1.35940,2250000,1130000
2014-01-06 00:24:26.020000,1.35941,1.35937,3750000,1000000
2014-01-06 00:24:26.800000,1.35942,1.35940,9750000,2500000
2014-01-06 00:24:27.408000,1.35941,1.35940,2250000,1130000
2014-01-06 00:24:29.589000,1.35942,1.35940,8250000,1000000
2014-01-06 00:24:29.791000,1.35940,1.35936,3760000,4130000
2014-01-06 00:24:29.892000,1.35939,1.35936,2630000,4130000
2014-01-06 00:24:35.661000,1.35940,1.35936,10500000,2630000
2014-01-06 00:24:35.762000,1.35941,1.35936,3750000,3000000
2014-01-06 00:24:35.875000,1.35940,1.35936,1130000,2630000
2014-01-06 00:24:45.816000,1.35940,1.35937,1130000,1000000
2014-01-06 00:24:59.676000,1.35940,1.35938,1130000,1000000
2014-01-06 00:25:04.538000,1.35941,1.35938,1500000,1500000
2014-01-06 00:25:04.695000,1.35942,1.35939,4500000,3250000
2014-01-06 00:25:13.445000,1.35941,1.35938,2250000,3000000
2014-01-06 00:25:13.597000,1.35938,1.35935,1130000,3380000
2014-01-06 00:25:13.648000,1.35936,1.35933,3750000,3000000
2014-01-06 00:25:13.900000,1.35935,1.35933,2250000,1000000
2014-01-06 00:25:14.153000,1.35938,1.35933,6000000,5130000
2014-01-06 00:25:14.204000,1.35938,1.35933,4880000,5630000
2014-01-06 00:25:17.837000,1.35938,1.35934,1880000,4010000
2014-01-06 00:25:34.909000,1.35938,1.35935,1130000,1000000
2014-01-06 00:25:41.701000,1.35937,1.35934,2630000,1000000
2014-01-06 00:25:46.268000,1.35938,1.35935,4130000,1000000
2014-01-06 00:25:46.772000,1.35937,1.35935,2250000,1000000
2014-01-06 00:25:47.383000,1.35935,1.35932,1000000,2630000
2014-01-06 00:25:47.534000,1.35933,1.35931,1130000,8250000
2014-01-06 00:25:47.635000,1.35933,1.35931,1500000,8250000
2014-01-06 00:25:47.941000,1.35933,1.35929,2630000,5630000
2014-01-06 00:25:49.134000,1.35931,1.35929,1880000,1380000
2014-01-06 00:25:49.186000,1.35928,1.35925,1130000,1000000
2014-01-06 00:25:56.935000,1.35930,1.35927,4500000,1000000
2014-01-06 00:25:57.238000,1.35930,1.35927,1380000,1130000
2014-01-06 00:25:57.339000,1.35930,1.35927,4130000,1130000
2014-01-06 00:25:57.867000,1.35929,1.35927,3380000,1000000
2014-01-06 00:26:01.783000,1.35929,1.35924,4130000,3750000
2014-01-06 00:26:06.759000,1.35927,1.35924,2250000,2250000
2014-01-06 00:26:08.673000,1.35926,1.35924,2250000,2250000
2014-01-06 00:26:08.847000,1.35924,1.35921,1130000,1500000
2014-01-06 00:26:09.150000,1.35920,1.35915,7130000,9080000
2014-01-06 00:26:09.302000,1.35917,1.35915,2250000,12450000
2014-01-06 00:26:14.797000,1.35916,1.35915,2250000,13580000
2014-01-06 00:26:14.961000,1.35919,1.35915,3000000,13580000
2014-01-06 00:26:19.285000,1.35919,1.35916,1380000,1000000
2014-01-06 00:26:28.477000,1.35920,1.35916,3380000,1380000
2014-01-06 00:26:28.530000,1.35921,1.35919,4500000,1000000
2014-01-06 00:26:28.581000,1.35922,1.35920,6000000,5630000
2014-01-06 00:26:28.733000,1.35924,1.35921,2250000,2510000
2014-01-06 00:26:28.941000,1.35925,1.35923,2100000,4500000
2014-01-06 00:26:29.763000,1.35926,1.35922,1380000,2250000
2014-01-06 00:26:29.814000,1.35926,1.35923,1000000,3000000
2014-01-06 00:26:30.334000,1.35925,1.35923,1000000,3000000
2014-01-06 00:26:34.262000,1.35925,1.35924,1000000,2250000
2014-01-06 00:26:35.315000,1.35927,1.35924,3980000,3000000
2014-01-06 00:26:35.366000,1.35925,1.35924,1000000,3000000
2014-01-06 00:26:35.619000,1.35924,1.35921,1000000,1130000
2014-01-06 00:26:35.720000,1.35924,1.35921,1000000,1750000
2014-01-06 00:26:38.314000,1.35923,1.35921,1130000,2250000
2014-01-06 00:26:38.618000,1.35920,1.35916,3260000,1480000
2014-01-06 00:26:42.223000,1.35919,1.35915,2630000,10580000
2014-01-06 00:26:43.093000,1.35919,1.35915,2630000,9830000
2014-01-06 00:26:43.202000,1.35920,1.35915,5630000,1100000
2014-01-06 00:26:44.866000,1.35920,1.35916,2630000,1000000
2014-01-06 00:26:51.353000,1.35920,1.35915,3750000,1100000
2014-01-06 00:26:57.403000,1.35920,1.35916,3000000,1000000
2014-01-06 00:26:58.085000,1.35920,1.35915,3750000,1100000
2014-01-06 00:27:25.586000,1.35918,1.35908,3750000,2330000
2014-01-06 00:27:25.637000,1.35915,1.35913,1130000,1880000
2014-01-06 00:27:25.738000,1.35914,1.35913,2250000,1130000
2014-01-06 00:27:25.991000,1.35913,1.35909,2630000,3000000
2014-01-06 00:27:26.093000,1.35910,1.35908,1130000,1500000
2014-01-06 00:27:26.635000,1.35910,1.35908,1130000,1130000
2014-01-06 00:27:27.857000,1.35909,1.35907,2250000,1380000
2014-01-06 00:27:31.419000,1.35909,1.35906,2250000,1500000
2014-01-06 00:27:31.923000,1.35911,1.35907,3750000,1000000
2014-01-06 00:27:33.106000,1.35910,1.35906,1130000,3750000
2014-01-06 00:27:33.724000,1.35911,1.35907,2250000,3000000
2014-01-06 00:27:37.530000,1.35910,1.35906,1130000,3750000
2014-01-06 00:27:38.396000,1.35909,1.35906,1000000,3000000
2014-01-06 00:27:45.940000,1.35908,1.35906,3000000,1000000
2014-01-06 00:27:46.095000,1.35908,1.35904,2250000,5250000
2014-01-06 00:27:46.730000,1.35906,1.35903,1380000,1000000
2014-01-06 00:27:47.693000,1.35904,1.35903,1000000,1000000
2014-01-06 00:27:47.996000,1.35904,1.35902,1500000,2250000
2014-01-06 00:27:48.545000,1.35903,1.35898,4750000,1000000
2014-01-06 00:27:49.059000,1.35902,1.35900,1500000,14630000
2014-01-06 00:27:49.487000,1.35902,1.35901,1000000,3000000
2014-01-06 00:27:49.589000,1.35904,1.35903,1000000,1000000
2014-01-06 00:27:50.144000,1.35905,1.35903,1000000,1130000
2014-01-06 00:27:50.722000,1.35906,1.35903,1000000,1130000
2014-01-06 00:27:51.313000,1.35905,1.35903,1000000,1130000
2014-01-06 00:27:51.732000,1.35905,1.35901,1130000,5630000
2014-01-06 00:27:51.984000,1.35904,1.35903,1000000,1000000
2014-01-06 00:27:52.114000,1.35904,1.35900,15380000,1500000
2014-01-06 00:27:52.382000,1.35905,1.35903,1000000,2250000
2014-01-06 00:27:56.273000,1.35905,1.35903,1000000,2250000
2014-01-06 00:27:56.930000,1.35905,1.35904,1000000,2250000
2014-01-06 00:27:57.434000,1.35905,1.35903,1000000,2250000
2014-01-06 00:27:59.448000,1.35905,1.35902,1380000,1880000
2014-01-06 00:27:59.551000,1.35905,1.35903,1500000,2250000
2014-01-06 00:27:59.602000,1.35904,1.35901,4880000,1000000
2014-01-06 00:27:59.905000,1.35901,1.35898,1500000,1430000
2014-01-06 00:28:05.178000,1.35901,1.35897,3380000,3380000
2014-01-06 00:28:10.356000,1.35901,1.35897,4500000,3380000
2014-01-06 00:28:10.609000,1.35900,1.35896,6380000,1880000
2014-01-06 00:28:11.134000,1.35899,1.35896,2250000,1880000
2014-01-06 00:28:23.276000,1.35900,1.35896,1880000,2630000
2014-01-06 00:28:23.844000,1.35900,1.35897,3380000,1500000
2014-01-06 00:28:24.657000,1.35900,1.35898,2630000,1500000
2014-01-06 00:28:25.716000,1.35900,1.35898,2250000,1000000
2014-01-06 00:28:25.766000,1.35900,1.35896,2630000,4500000
2014-01-06 00:28:26.272000,1.35898,1.35897,1000000,1500000
2014-01-06 00:28:26.551000,1.35898,1.35895,1880000,3000000
2014-01-06 00:28:26.964000,1.35900,1.35898,6380000,1000000
2014-01-06 00:28:27.066000,1.35900,1.35896,6000000,1130000
2014-01-06 00:28:27.595000,1.35900,1.35897,6000000,1500000
2014-01-06 00:28:28.645000,1.35898,1.35897,1000000,1500000
2014-01-06 00:28:32.201000,1.35900,1.35897,2630000,2630000
2014-01-06 00:28:32.302000,1.35902,1.35900,3150000,4130000
2014-01-06 00:28:32.353000,1.35902,1.35900,2030000,4130000
2014-01-06 00:28:32.876000,1.35903,1.35901,2250000,3380000
2014-01-06 00:28:33.429000,1.35905,1.35901,4500000,1130000
2014-01-06 00:28:33.480000,1.35903,1.35901,2250000,3380000
2014-01-06 00:28:34.054000,1.35904,1.35901,1000000,4130000
2014-01-06 00:28:34.847000,1.35904,1.35902,1000000,1000000
2014-01-06 00:28:36.416000,1.35903,1.35900,3630000,3750000
2014-01-06 00:28:36.517000,1.35901,1.35900,1000000,3000000
2014-01-06 00:28:36.872000,1.35902,1.35900,3380000,2250000
2014-01-06 00:28:37.434000,1.35902,1.35901,4130000,1000000
2014-01-06 00:28:40.017000,1.35902,1.35900,4130000,3000000
2014-01-06 00:28:40.068000,1.35904,1.35900,3000000,5250000
2014-01-06 00:28:40.373000,1.35907,1.35905,1130000,10880000
2014-01-06 00:28:40.677000,1.35911,1.35907,1130000,10500000
2014-01-06 00:28:41.225000,1.35912,1.35910,4130000,3250000
2014-01-06 00:28:41.477000,1.35910,1.35909,1300000,1000000
2014-01-06 00:28:41.781000,1.35908,1.35906,1130000,1130000
2014-01-06 00:28:42.483000,1.35909,1.35907,1000000,1000000
2014-01-06 00:28:42.995000,1.35909,1.35906,1000000,1130000
2014-01-06 00:28:43.210000,1.35910,1.35908,3750000,1130000
2014-01-06 00:28:43.412000,1.35909,1.35906,1000000,3750000
2014-01-06 00:28:44.548000,1.35909,1.35906,1000000,1880000
2014-01-06 00:28:46.627000,1.35910,1.35906,3750000,1880000
2014-01-06 00:28:46.739000,1.35910,1.35909,1500000,3750000
2014-01-06 00:28:47.763000,1.35910,1.35906,2250000,4130000
2014-01-06 00:28:49.528000,1.35910,1.35907,2250000,2250000
2014-01-06 00:28:50.059000,1.35910,1.35907,2250000,3000000
2014-01-06 00:28:54.752000,1.35910,1.35906,2250000,3380000
2014-01-06 00:29:35.010000,1.35910,1.35907,3000000,1000000
2014-01-06 00:29:38.941000,1.35910,1.35906,2250000,1130000
2014-01-06 00:29:40.153000,1.35910,1.35907,2250000,1000000
2014-01-06 00:29:42.385000,1.35910,1.35908,3000000,1000000
2014-01-06 00:29:43.121000,1.35910,1.35907,3000000,1000000
2014-01-06 00:29:46.362000,1.35910,1.35907,3000000,1000000
2014-01-06 00:29:46.666000,1.35909,1.35905,2250000,1000000
2014-01-06 00:29:49.763000,1.35908,1.35904,1500000,2250000
2014-01-06 00:29:51.308000,1.35909,1.35905,1380000,1000000
2014-01-06 00:29:53.473000,1.35910,1.35906,3380000,1000000
2014-01-06 00:29:54.799000,1.35910,1.35907,3380000,1000000
2014-01-06 00:29:55.566000,1.35910,1.35906,3380000,1000000
2014-01-06 00:30:03.320000,1.35910,1.35905,3750000,1500000
2014-01-06 00:30:10.363000,1.35910,1.35906,3000000,1000000
2014-01-06 00:30:13.661000,1.35910,1.35905,6000000,1500000
2014-01-06 00:30:15.987000,1.35910,1.35908,4130000,1380000
2014-01-06 00:30:16.038000,1.35911,1.35909,3750000,1130000
2014-01-06 00:30:16.089000,1.35911,1.35909,3000000,1130000
2014-01-06 00:30:16.139000,1.35910,1.35908,1130000,1380000
2014-01-06 00:30:16.661000,1.35910,1.35905,5250000,1000000
2014-01-06 00:30:24.333000,1.35910,1.35906,4500000,1000000
2014-01-06 00:30:26.002000,1.35910,1.35907,3000000,1000000
2014-01-06 00:30:27.851000,1.35910,1.35906,3000000,1000000
2014-01-06 00:30:30.880000,1.35910,1.35905,6000000,1500000
2014-01-06 00:30:32.966000,1.35910,1.35905,6000000,1880000
2014-01-06 00:30:47.240000,1.35908,1.35905,1000000,1380000
2014-01-06 00:30:49.012000,1.35908,1.35905,1130000,1380000
2014-01-06 00:30:49.063000,1.35905,1.35903,1000000,1130000
2014-01-06 00:30:49.115000,1.35904,1.35901,5630000,1000000
2014-01-06 00:30:49.317000,1.35902,1.35898,4380000,6000000
2014-01-06 00:30:49.418000,1.35899,1.35898,1500000,3000000
2014-01-06 00:30:49.920000,1.35898,1.35896,2250000,1880000
2014-01-06 00:30:50.318000,1.35898,1.35896,2250000,1130000
2014-01-06 00:30:50.999000,1.35897,1.35896,2250000,1000000
2014-01-06 00:30:51.516000,1.35898,1.35896,2630000,1000000
2014-01-06 00:30:53.093000,1.35897,1.35896,2250000,1000000
2014-01-06 00:31:00.694000,1.35899,1.35896,4500000,1000000
2014-01-06 00:31:09.637000,1.35899,1.35896,3000000,1500000
2014-01-06 00:31:10.968000,1.35900,1.35898,3750000,1000000
2014-01-06 00:31:11.273000,1.35900,1.35897,1500000,1500000
2014-01-06 00:31:14.138000,1.35900,1.35897,1500000,1000000
2014-01-06 00:31:23.795000,1.35900,1.35896,1500000,1130000
2014-01-06 00:31:29.775000,1.35897,1.35895,1000000,3380000
2014-01-06 00:31:30.280000,1.35897,1.35895,1130000,1000000
2014-01-06 00:31:30.842000,1.35897,1.35894,1130000,1500000
2014-01-06 00:31:36.456000,1.35897,1.35893,1880000,1130000
2014-01-06 00:31:36.973000,1.35897,1.35894,1130000,1000000
2014-01-06 00:31:37.486000,1.35897,1.35893,1880000,1130000
2014-01-06 00:31:38.144000,1.35897,1.35894,3380000,1000000
2014-01-06 00:31:41.610000,1.35896,1.35894,2250000,1000000
2014-01-06 00:31:43.252000,1.35897,1.35894,3380000,1000000
2014-01-06 00:31:44.197000,1.35896,1.35894,2250000,1000000
2014-01-06 00:31:45.692000,1.35896,1.35893,2250000,1130000
2014-01-06 00:31:50.755000,1.35895,1.35893,1000000,1130000
2014-01-06 00:31:51.058000,1.35892,1.35889,5260000,1500000
2014-01-06 00:31:51.210000,1.35890,1.35888,3750000,1000000
2014-01-06 00:31:51.695000,1.35889,1.35885,1000000,1880000
2014-01-06 00:31:54.361000,1.35890,1.35886,2250000,1130000
2014-01-06 00:31:57.650000,1.35890,1.35888,1500000,1000000
2014-01-06 00:31:58.154000,1.35890,1.35888,1500000,1000000
2014-01-06 00:31:58.464000,1.35890,1.35886,2250000,1130000
2014-01-06 00:32:04.494000,1.35888,1.35886,1000000,1130000
2014-01-06 00:32:05.908000,1.35886,1.35884,1000000,1500000
2014-01-06 00:32:06.592000,1.35886,1.35884,1000000,1000000
2014-01-06 00:32:07.881000,1.35887,1.35884,1130000,1000000
2014-01-06 00:32:10.302000,1.35886,1.35884,1000000,1000000
2014-01-06 00:32:11.659000,1.35885,1.35881,1130000,2630000
2014-01-06 00:32:11.962000,1.35881,1.35878,3760000,1000000
2014-01-06 00:32:12.164000,1.35880,1.35875,5260000,1380000
2014-01-06 00:32:22.150000,1.35880,1.35875,2250000,1500000
2014-01-06 00:32:22.303000,1.35880,1.35874,3380000,3000000
2014-01-06 00:32:22.729000,1.35880,1.35874,2630000,4500000
2014-01-06 00:32:24.489000,1.35879,1.35874,2510000,4130000
2014-01-06 00:32:25.144000,1.35878,1.35874,2880000,3750000
2014-01-06 00:32:25.365000,1.35878,1.35874,3000000,3000000
2014-01-06 00:32:27.940000,1.35877,1.35874,1000000,3000000
2014-01-06 00:32:28.473000,1.35876,1.35873,3000000,5250000
2014-01-06 00:32:28.624000,1.35876,1.35874,1000000,3380000
2014-01-06 00:32:29.439000,1.35878,1.35874,1500000,3750000
2014-01-06 00:32:30.099000,1.35878,1.35874,1000000,3750000
2014-01-06 00:32:31.589000,1.35879,1.35875,1000000,1380000
2014-01-06 00:32:34.380000,1.35880,1.35876,2630000,1130000
2014-01-06 00:32:35.108000,1.35880,1.35875,4130000,1380000
2014-01-06 00:32:39.112000,1.35879,1.35874,1880000,4130000
2014-01-06 00:32:39.213000,1.35879,1.35874,1500000,3000000
2014-01-06 00:32:46.631000,1.35878,1.35875,2250000,1380000
2014-01-06 00:32:47.081000,1.35877,1.35874,9380000,1130000
2014-01-06 00:32:47.268000,1.35877,1.35875,1000000,1380000
2014-01-06 00:32:47.522000,1.35880,1.35875,3000000,3380000
2014-01-06 00:33:00.776000,1.35880,1.35876,1000000,2630000
2014-01-06 00:33:00.928000,1.35884,1.35880,3000000,1880000
2014-01-06 00:33:01.079000,1.35886,1.35882,1000000,6750000
2014-01-06 00:33:01.231000,1.35888,1.35886,2630000,1000000
2014-01-06 00:33:01.770000,1.35888,1.35886,1000000,2630000
2014-01-06 00:33:02.335000,1.35889,1.35886,1130000,2630000
2014-01-06 00:33:04.081000,1.35890,1.35886,1500000,2630000
2014-01-06 00:33:17.847000,1.35890,1.35887,1500000,1000000
2014-01-06 00:33:20.571000,1.35890,1.35886,1500000,3380000
2014-01-06 00:33:23.624000,1.35890,1.35887,1500000,2250000
2014-01-06 00:33:23.879000,1.35893,1.35890,1500000,1000000
2014-01-06 00:33:25.960000,1.35894,1.35891,1000000,4500000
2014-01-06 00:33:26.061000,1.35896,1.35893,1500000,2630000
2014-01-06 00:33:26.213000,1.35898,1.35895,1050000,1000000
2014-01-06 00:33:26.736000,1.35899,1.35895,3000000,3000000
2014-01-06 00:33:28.077000,1.35899,1.35896,2250000,2250000
2014-01-06 00:33:32.147000,1.35899,1.35896,1380000,3250000
2014-01-06 00:33:32.354000,1.35900,1.35897,2250000,1000000
2014-01-06 00:33:32.455000,1.35900,1.35899,1000000,1000000
2014-01-06 00:33:32.990000,1.35902,1.35899,4130000,3250000
2014-01-06 00:33:33.441000,1.35900,1.35898,1000000,1000000
2014-01-06 00:33:33.969000,1.35900,1.35898,1000000,3750000
2014-01-06 00:33:34.537000,1.35900,1.35898,1000000,3000000
2014-01-06 00:33:40.227000,1.35902,1.35898,4130000,3380000
2014-01-06 00:33:40.278000,1.35902,1.35899,3750000,1380000
2014-01-06 00:33:40.581000,1.35906,1.35904,1000000,3000000
2014-01-06 00:33:40.682000,1.35909,1.35907,1000000,2250000
2014-01-06 00:33:40.985000,1.35912,1.35910,3750000,1000000
2014-01-06 00:33:41.505000,1.35912,1.35909,3000000,2250000
2014-01-06 00:33:41.865000,1.35914,1.35910,2250000,1000000
2014-01-06 00:33:42.990000,1.35912,1.35909,3000000,2250000
2014-01-06 00:33:43.041000,1.35912,1.35910,2630000,5630000
2014-01-06 00:33:43.343000,1.35912,1.35909,3000000,3000000
2014-01-06 00:33:43.545000,1.35913,1.35911,1000000,1000000
2014-01-06 00:33:45.367000,1.35912,1.35910,5250000,1000000
2014-01-06 00:33:48.564000,1.35912,1.35910,5250000,1000000
2014-01-06 00:33:50.010000,1.35912,1.35910,5250000,1000000
2014-01-06 00:33:50.539000,1.35911,1.35910,2250000,1000000
2014-01-06 00:33:51.071000,1.35912,1.35910,5250000,1000000
2014-01-06 00:33:52.144000,1.35911,1.35910,1000000,1000000
2014-01-06 00:33:53.216000,1.35911,1.35909,3000000,1000000
2014-01-06 00:33:54.964000,1.35910,1.35909,2250000,1000000
2014-01-06 00:33:55.983000,1.35910,1.35907,2250000,1880000
2014-01-06 00:33:56.509000,1.35909,1.35907,2250000,2630000
2014-01-06 00:33:57.027000,1.35910,1.35907,2250000,2630000
2014-01-06 00:33:57.578000,1.35911,1.35909,2250000,1000000
2014-01-06 00:34:05.740000,1.35910,1.35909,2250000,1000000
2014-01-06 00:34:08.506000,1.35910,1.35908,2250000,1130000
2014-01-06 00:34:08.809000,1.35908,1.35905,2630000,1880000
2014-01-06 00:34:09.112000,1.35901,1.35898,2630000,2630000
2014-01-06 00:34:09.213000,1.35900,1.35896,2250000,3080000
2014-01-06 00:34:09.667000,1.35900,1.35898,1000000,1000000
2014-01-06 00:34:10.280000,1.35900,1.35897,1500000,1000000
2014-01-06 00:34:15.622000,1.35900,1.35898,1500000,1000000
2014-01-06 00:34:16.545000,1.35900,1.35897,1500000,1000000
2014-01-06 00:34:17.058000,1.35900,1.35898,1500000,1000000
2014-01-06 00:34:22.400000,1.35900,1.35895,1500000,2250000
2014-01-06 00:34:22.905000,1.35900,1.35896,3380000,1000000
2014-01-06 00:34:31.217000,1.35898,1.35895,3750000,1000000
2014-01-06 00:34:31.775000,1.35898,1.35895,6000000,1000000
2014-01-06 00:34:42.379000,1.35898,1.35896,3380000,1000000
2014-01-06 00:34:43.092000,1.35898,1.35896,3380000,1000000
2014-01-06 00:34:46.467000,1.35898,1.35896,1000000,1130000
2014-01-06 00:34:54.455000,1.35900,1.35896,4130000,1130000
2014-01-06 00:35:02.416000,1.35898,1.35896,1000000,1130000
2014-01-06 00:35:03.663000,1.35898,1.35897,1000000,1000000
2014-01-06 00:35:04.189000,1.35899,1.35897,2630000,1000000
2014-01-06 00:35:18.187000,1.35900,1.35897,4130000,1380000
2014-01-06 00:35:18.534000,1.35900,1.35898,1380000,1500000
2014-01-06 00:35:18.585000,1.35900,1.35897,1500000,1000000
2014-01-06 00:35:31.202000,1.35898,1.35897,1000000,1000000
2014-01-06 00:35:32.362000,1.35899,1.35897,1130000,1000000
2014-01-06 00:35:34.167000,1.35900,1.35897,1500000,1000000
2014-01-06 00:35:47.209000,1.35900,1.35898,1000000,1000000
2014-01-06 00:35:49.648000,1.35900,1.35898,1000000,1000000
2014-01-06 00:36:07.145000,1.35900,1.35897,2400000,1000000
2014-01-06 00:36:09.933000,1.35900,1.35896,2400000,1130000
2014-01-06 00:36:11.440000,1.35900,1.35897,2400000,1000000
2014-01-06 00:36:15.621000,1.35900,1.35896,2400000,3380000
2014-01-06 00:36:17.194000,1.35900,1.35897,2400000,1000000
2014-01-06 00:36:18.953000,1.35900,1.35896,2030000,3380000
2014-01-06 00:36:20.322000,1.35900,1.35897,2030000,2250000
2014-01-06 00:36:27.877000,1.35900,1.35896,2030000,3380000
2014-01-06 00:36:28.532000,1.35900,1.35896,2030000,4130000
2014-01-06 00:36:28.633000,1.35902,1.35898,1500000,7500000
2014-01-06 00:36:28.885000,1.35909,1.35906,1000000,2630000
2014-01-06 00:36:29.239000,1.35910,1.35908,1000000,2630000
2014-01-06 00:36:29.491000,1.35912,1.35908,4500000,3380000
2014-01-06 00:36:29.994000,1.35912,1.35909,4500000,2250000
2014-01-06 00:36:30.507000,1.35912,1.35908,4500000,3380000
2014-01-06 00:36:31.030000,1.35911,1.35908,1000000,2630000
2014-01-06 00:36:36.724000,1.35911,1.35908,1130000,3750000
2014-01-06 00:36:36.825000,1.35912,1.35908,4880000,4130000
2014-01-06 00:36:37.389000,1.35912,1.35911,2630000,1130000
2014-01-06 00:36:53.124000,1.35914,1.35912,1130000,1000000
2014-01-06 00:36:54.205000,1.35914,1.35912,1130000,1500000
2014-01-06 00:36:54.307000,1.35916,1.35913,1380000,2630000
2014-01-06 00:36:54.459000,1.35917,1.35915,2630000,1000000
2014-01-06 00:36:54.926000,1.35920,1.35916,3000000,3250000
2014-01-06 00:36:56.648000,1.35917,1.35916,1130000,2250000
2014-01-06 00:36:56.941000,1.35920,1.35917,2630000,3750000
2014-01-06 00:36:57.093000,1.35922,1.35920,1000000,2250000
2014-01-06 00:36:57.398000,1.35927,1.35922,1380000,4880000
2014-01-06 00:36:57.600000,1.35934,1.35926,1880000,1000000
2014-01-06 00:36:58.138000,1.35930,1.35926,1130000,1000000
2014-01-06 00:36:58.703000,1.35930,1.35927,1130000,1000000
2014-01-06 00:37:00.656000,1.35930,1.35927,2630000,1000000
2014-01-06 00:37:01.196000,1.35930,1.35926,2630000,3000000
2014-01-06 00:37:01.716000,1.35930,1.35927,2630000,1000000
2014-01-06 00:37:06.543000,1.35930,1.35926,2630000,1000000
2014-01-06 00:37:10.922000,1.35930,1.35925,6380000,1500000
2014-01-06 00:37:12.678000,1.35930,1.35927,5630000,1000000
2014-01-06 00:37:14.361000,1.35930,1.35926,5700000,1000000
2014-01-06 00:37:17.889000,1.35930,1.35927,5700000,1000000
2014-01-06 00:37:20.926000,1.35929,1.35922,19080000,1500000
2014-01-06 00:37:21.179000,1.35920,1.35917,1500000,1800000
2014-01-06 00:37:21.483000,1.35918,1.35916,3830000,1000000
2014-01-06 00:37:30.429000,1.35918,1.35915,3750000,1000000
2014-01-06 00:37:32.490000,1.35918,1.35916,3750000,1000000
2014-01-06 00:37:32.554000,1.35916,1.35913,2250000,1500000
2014-01-06 00:37:32.614000,1.35916,1.35912,1380000,4500000
2014-01-06 00:37:32.766000,1.35913,1.35909,5630000,1500000
2014-01-06 00:37:32.868000,1.35912,1.35911,2630000,1000000
2014-01-06 00:37:32.919000,1.35912,1.35908,3380000,3380000
2014-01-06 00:37:33.070000,1.35910,1.35908,1000000,1130000
2014-01-06 00:37:33.538000,1.35910,1.35906,1500000,3000000
2014-01-06 00:37:34.046000,1.35910,1.35906,2250000,1000000
2014-01-06 00:37:40.262000,1.35909,1.35906,1130000,1130000
2014-01-06 00:37:40.415000,1.35911,1.35909,6380000,1000000
2014-01-06 00:37:40.465000,1.35911,1.35909,2500000,2250000
2014-01-06 00:37:40.574000,1.35910,1.35906,1500000,1130000
2014-01-06 00:37:40.675000,1.35910,1.35906,1500000,1500000
2014-01-06 00:37:41.256000,1.35910,1.35907,1500000,1000000
2014-01-06 00:37:41.792000,1.35910,1.35906,1500000,1130000
2014-01-06 00:37:44.432000,1.35910,1.35907,1500000,1000000
2014-01-06 00:37:45.516000,1.35910,1.35906,1500000,1130000
2014-01-06 00:37:58.768000,1.35910,1.35907,1500000,1000000
2014-01-06 00:37:59.730000,1.35908,1.35907,1130000,1000000
2014-01-06 00:37:59.832000,1.35908,1.35906,3750000,2250000
2014-01-06 00:38:00.135000,1.35908,1.35906,1380000,3000000
2014-01-06 00:38:00.186000,1.35910,1.35906,2630000,3750000
2014-01-06 00:38:00.237000,1.35911,1.35910,1880000,5250000
2014-01-06 00:38:00.539000,1.35917,1.35914,1000000,3000000
2014-01-06 00:38:00.640000,1.35917,1.35916,1000000,2250000
2014-01-06 00:38:01.443000,1.35918,1.35916,1500000,2250000
2014-01-06 00:38:03.184000,1.35920,1.35917,2630000,5500000
2014-01-06 00:38:03.386000,1.35922,1.35919,3380000,3750000
2014-01-06 00:38:03.916000,1.35923,1.35921,1000000,3750000
2014-01-06 00:38:04.339000,1.35922,1.35919,2880000,3750000
2014-01-06 00:38:04.854000,1.35923,1.35921,1130000,3250000
2014-01-06 00:38:05.365000,1.35922,1.35920,3750000,3250000
2014-01-06 00:38:06.084000,1.35922,1.35920,4500000,2250000
2014-01-06 00:38:08.789000,1.35922,1.35920,4500000,3000000
2014-01-06 00:38:09.142000,1.35921,1.35918,2630000,1880000
2014-01-06 00:38:09.495000,1.35919,1.35916,2250000,1130000
2014-01-06 00:38:10,1.35920,1.35915,5250000,2630000
2014-01-06 00:38:12.138000,1.35920,1.35917,3000000,1000000
2014-01-06 00:38:14.373000,1.35920,1.35917,3000000,1000000
2014-01-06 00:38:19.526000,1.35920,1.35915,4500000,3380000
2014-01-06 00:38:27.235000,1.35920,1.35915,3000000,3750000
2014-01-06 00:38:32.195000,1.35919,1.35915,1000000,3750000
2014-01-06 00:38:33.601000,1.35920,1.35915,3000000,3750000
2014-01-06 00:38:35.472000,1.35919,1.35914,1000000,6000000
2014-01-06 00:38:36.068000,1.35919,1.35914,1380000,5630000
2014-01-06 00:38:36.473000,1.35917,1.35914,1000000,4880000
2014-01-06 00:38:39.891000,1.35920,1.35915,3000000,1380000
2014-01-06 00:38:44.631000,1.35920,1.35917,1500000,2250000
2014-01-06 00:38:45.413000,1.35920,1.35916,1500000,3380000
2014-01-06 00:38:51.162000,1.35920,1.35917,1500000,2250000
2014-01-06 00:38:54.047000,1.35920,1.35918,1500000,1000000
2014-01-06 00:38:54.199000,1.35925,1.35921,4130000,2250000
2014-01-06 00:38:54.507000,1.35929,1.35925,1000000,2630000
2014-01-06 00:38:58.133000,1.35926,1.35925,1000000,2250000
2014-01-06 00:38:58.183000,1.35926,1.35923,1000000,2630000
2014-01-06 00:38:58.703000,1.35926,1.35924,1000000,1000000
2014-01-06 00:39:03.996000,1.35926,1.35923,1000000,3380000
2014-01-06 00:39:04.557000,1.35927,1.35923,1130000,4130000
2014-01-06 00:39:10.673000,1.35926,1.35923,1000000,3380000
2014-01-06 00:39:19.568000,1.35925,1.35923,1000000,3380000
2014-01-06 00:39:22.295000,1.35925,1.35923,1000000,1130000
2014-01-06 00:39:22.961000,1.35925,1.35923,1000000,1130000
2014-01-06 00:39:26.362000,1.35925,1.35923,1000000,3380000
2014-01-06 00:39:27.506000,1.35923,1.35920,4500000,2250000
2014-01-06 00:39:27.659000,1.35920,1.35918,1000000,2250000
2014-01-06 00:39:27.811000,1.35918,1.35916,1000000,1000000
2014-01-06 00:39:32.961000,1.35919,1.35915,3380000,1380000
2014-01-06 00:39:39.893000,1.35918,1.35915,1000000,1380000
2014-01-06 00:39:48.034000,1.35919,1.35915,1000000,1380000
2014-01-06 00:39:55.330000,1.35918,1.35915,1000000,1380000
2014-01-06 00:39:57.198000,1.35919,1.35915,1130000,1380000
2014-01-06 00:39:58.153000,1.35918,1.35915,1000000,1380000
2014-01-06 00:39:58.738000,1.35920,1.35917,3000000,1000000
2014-01-06 00:39:59.041000,1.35922,1.35920,2250000,3380000
2014-01-06 00:39:59.142000,1.35922,1.35920,2250000,1000000
2014-01-06 00:39:59.193000,1.35921,1.35919,2250000,1500000
2014-01-06 00:39:59.708000,1.35921,1.35918,3000000,1880000
2014-01-06 00:40:02.175000,1.35920,1.35918,1000000,1880000
2014-01-06 00:40:03.079000,1.35919,1.35916,1000000,2630000
2014-01-06 00:40:03.535000,1.35919,1.35916,2250000,1880000
2014-01-06 00:40:04.072000,1.35919,1.35917,2630000,1000000
2014-01-06 00:40:04.757000,1.35919,1.35914,3380000,2250000
2014-01-06 00:40:06.725000,1.35920,1.35916,3750000,1130000
2014-01-06 00:40:12.297000,1.35920,1.35917,1000000,1000000
2014-01-06 00:40:13.991000,1.35920,1.35916,1000000,1130000
2014-01-06 00:40:15.485000,1.35919,1.35914,1000000,3750000
2014-01-06 00:40:16.031000,1.35920,1.35915,3750000,1500000
2014-01-06 00:40:17.734000,1.35919,1.35915,2250000,1500000
2014-01-06 00:40:22.636000,1.35920,1.35915,3750000,1500000
2014-01-06 00:40:24.014000,1.35918,1.35915,1000000,1500000
2014-01-06 00:40:24.321000,1.35916,1.35913,1000000,2250000
2014-01-06 00:40:24.858000,1.35916,1.35914,1000000,2250000
2014-01-06 00:40:25.556000,1.35918,1.35914,1500000,1000000
2014-01-06 00:40:26.830000,1.35918,1.35915,3750000,1000000
2014-01-06 00:40:30.328000,1.35917,1.35915,1000000,1880000
2014-01-06 00:40:30.390000,1.35919,1.35916,1000000,1130000
2014-01-06 00:40:36.802000,1.35920,1.35918,3750000,1500000
2014-01-06 00:40:37.252000,1.35920,1.35916,4500000,1130000
2014-01-06 00:40:40.470000,1.35919,1.35916,1000000,1130000
2014-01-06 00:40:41.468000,1.35918,1.35916,1000000,1130000
2014-01-06 00:40:42.374000,1.35919,1.35916,3000000,1130000
2014-01-06 00:40:45.784000,1.35918,1.35915,1000000,2250000
2014-01-06 00:40:47.434000,1.35919,1.35915,3000000,2250000
2014-01-06 00:40:53.381000,1.35920,1.35918,1880000,1500000
2014-01-06 00:40:53.734000,1.35919,1.35917,2250000,1500000
2014-01-06 00:40:54.306000,1.35919,1.35915,3000000,2250000
2014-01-06 00:41:03.847000,1.35919,1.35915,1380000,1880000
2014-01-06 00:41:06.058000,1.35921,1.35916,4500000,1130000
2014-01-06 00:41:06.361000,1.35921,1.35918,3000000,3750000
2014-01-06 00:41:06.513000,1.35920,1.35916,1000000,1880000
2014-01-06 00:41:06.614000,1.35920,1.35916,1000000,1880000
2014-01-06 00:41:07.119000,1.35921,1.35917,1000000,1000000
2014-01-06 00:41:07.235000,1.35919,1.35916,1000000,2630000
2014-01-06 00:41:07.588000,1.35920,1.35919,1130000,1000000
2014-01-06 00:41:09.629000,1.35922,1.35920,1000000,1000000
2014-01-06 00:41:10.123000,1.35923,1.35920,1000000,5630000
2014-01-06 00:41:10.325000,1.35925,1.35922,1000000,2630000
2014-01-06 00:41:17.770000,1.35926,1.35924,1380000,2250000
2014-01-06 00:41:18.985000,1.35925,1.35923,1130000,4130000
2014-01-06 00:41:19.495000,1.35926,1.35924,1380000,2250000
2014-01-06 00:41:21.136000,1.35926,1.35923,1380000,4130000
2014-01-06 00:41:23.220000,1.35925,1.35923,1000000,4130000
2014-01-06 00:41:28.164000,1.35925,1.35923,1130000,1880000
2014-01-06 00:41:28.686000,1.35925,1.35924,1130000,2250000
2014-01-06 00:41:29.266000,1.35927,1.35924,1000000,2250000
2014-01-06 00:41:30.248000,1.35927,1.35925,1500000,3000000
2014-01-06 00:41:30.298000,1.35929,1.35926,1880000,2250000
2014-01-06 00:41:30.450000,1.35930,1.35928,1130000,1000000
2014-01-06 00:41:31.055000,1.35930,1.35926,1500000,1130000
2014-01-06 00:41:31.567000,1.35930,1.35926,1500000,1000000
2014-01-06 00:41:41.684000,1.35930,1.35926,1130000,1880000
2014-01-06 00:41:41.987000,1.35931,1.35927,2250000,1500000
2014-01-06 00:41:58.717000,1.35930,1.35929,1130000,1000000
2014-01-06 00:41:58.818000,1.35932,1.35929,1000000,3750000
2014-01-06 00:41:58.869000,1.35932,1.35931,1000000,1000000
2014-01-06 00:41:59.072000,1.35940,1.35933,1380000,1880000
2014-01-06 00:41:59.173000,1.35937,1.35931,2250000,5250000
2014-01-06 00:41:59.748000,1.35935,1.35931,1500000,2250000
2014-01-06 00:42:00.266000,1.35932,1.35931,1130000,1000000
2014-01-06 00:42:00.724000,1.35930,1.35928,2250000,1000000
2014-01-06 00:42:01.634000,1.35930,1.35928,4880000,1500000
2014-01-06 00:42:04.068000,1.35929,1.35927,2250000,2250000
2014-01-06 00:42:05.161000,1.35930,1.35927,4880000,2250000
2014-01-06 00:42:05.386000,1.35930,1.35928,4130000,1000000
2014-01-06 00:42:07.622000,1.35933,1.35930,2250000,2500000
2014-01-06 00:42:07.773000,1.35932,1.35931,2630000,1130000
2014-01-06 00:42:07.888000,1.35931,1.35929,1380000,2250000
2014-01-06 00:42:07.940000,1.35931,1.35929,1380000,1000000
2014-01-06 00:42:08.264000,1.35931,1.35927,4130000,2630000
2014-01-06 00:42:08.828000,1.35930,1.35928,2250000,5630000
2014-01-06 00:42:09.137000,1.35932,1.35931,1880000,1000000
2014-01-06 00:42:13.738000,1.35931,1.35928,2250000,6750000
2014-01-06 00:42:14.299000,1.35930,1.35928,1130000,6750000
2014-01-06 00:42:25.168000,1.35931,1.35929,3750000,1000000
2014-01-06 00:42:30.331000,1.35931,1.35928,3750000,1500000
2014-01-06 00:42:32.857000,1.35931,1.35929,3750000,1130000
2014-01-06 00:42:33.414000,1.35930,1.35928,1130000,1130000
2014-01-06 00:42:35.064000,1.35931,1.35929,3000000,1000000
2014-01-06 00:42:35.594000,1.35933,1.35931,1000000,2630000
2014-01-06 00:42:35.646000,1.35935,1.35932,4130000,1000000
2014-01-06 00:42:35.700000,1.35935,1.35932,3000000,1000000
2014-01-06 00:42:36.255000,1.35937,1.35935,1000000,3000000
2014-01-06 00:42:36.765000,1.35938,1.35936,1880000,1000000
2014-01-06 00:42:42.495000,1.35938,1.35936,1130000,1000000
2014-01-06 00:42:42.925000,1.35940,1.35938,1500000,1000000
2014-01-06 00:42:43.026000,1.35940,1.35939,1880000,1880000
2014-01-06 00:42:43.077000,1.35940,1.35939,2630000,1500000
2014-01-06 00:42:43.128000,1.35939,1.35935,1500000,1500000
2014-01-06 00:42:43.178000,1.35939,1.35937,1500000,1000000
2014-01-06 00:42:43.279000,1.35938,1.35935,1130000,1500000
2014-01-06 00:42:43.380000,1.35938,1.35936,1130000,1000000
2014-01-06 00:42:44.739000,1.35938,1.35936,1130000,1000000
2014-01-06 00:42:45.371000,1.35938,1.35936,1130000,1000000
2014-01-06 00:42:46.154000,1.35937,1.35931,1130000,2250000
2014-01-06 00:42:46.255000,1.35931,1.35930,1000000,2250000
2014-01-06 00:42:46.457000,1.35930,1.35926,3750000,1500000
2014-01-06 00:42:46.961000,1.35929,1.35925,3380000,1200000
2014-01-06 00:42:48.704000,1.35927,1.35924,2250000,2630000
2014-01-06 00:42:51.928000,1.35926,1.35924,1000000,2250000
2014-01-06 00:42:52.029000,1.35924,1.35920,8510000,2630000
2014-01-06 00:42:52.332000,1.35919,1.35915,1500000,1880000
2014-01-06 00:42:52.635000,1.35919,1.35915,4500000,1000000
2014-01-06 00:42:53.164000,1.35918,1.35914,1130000,1500000
2014-01-06 00:42:53.684000,1.35918,1.35917,1000000,1130000
2014-01-06 00:42:54.091000,1.35917,1.35914,2250000,2630000
2014-01-06 00:42:54.640000,1.35917,1.35915,2250000,1000000
2014-01-06 00:42:55.198000,1.35917,1.35914,2250000,1500000
2014-01-06 00:42:55.742000,1.35918,1.35915,3380000,1000000
2014-01-06 00:42:59.825000,1.35918,1.35914,3380000,2250000
2014-01-06 00:43:00.373000,1.35918,1.35915,3380000,1000000
2014-01-06 00:43:03.061000,1.35918,1.35914,1130000,2250000
2014-01-06 00:43:05.027000,1.35918,1.35915,1130000,1000000
2014-01-06 00:43:07.883000,1.35920,1.35917,1500000,1000000
2014-01-06 00:43:08.389000,1.35919,1.35915,4500000,1000000
2014-01-06 00:43:09.170000,1.35919,1.35916,4500000,1000000
2014-01-06 00:43:09.983000,1.35919,1.35915,2250000,1000000
2014-01-06 00:43:18.459000,1.35919,1.35915,1880000,1750000
2014-01-06 00:43:18.964000,1.35921,1.35917,3750000,1130000
2014-01-06 00:43:21.583000,1.35920,1.35916,3750000,4130000
2014-01-06 00:43:21.904000,1.35919,1.35916,2630000,1000000
2014-01-06 00:43:23.030000,1.35919,1.35915,3380000,1500000
2014-01-06 00:43:23.896000,1.35919,1.35916,1380000,1380000
2014-01-06 00:43:24.147000,1.35920,1.35917,1880000,1130000
2014-01-06 00:43:26.588000,1.35920,1.35918,1880000,2250000
2014-01-06 00:43:27.101000,1.35922,1.35919,3750000,2250000
2014-01-06 00:43:27.819000,1.35922,1.35918,3380000,3000000
2014-01-06 00:43:32.272000,1.35921,1.35917,1880000,3380000
2014-01-06 00:43:40.091000,1.35920,1.35918,1130000,2250000
2014-01-06 00:43:40.293000,1.35922,1.35919,1880000,2250000
2014-01-06 00:43:40.596000,1.35923,1.35920,1500000,4500000
2014-01-06 00:43:40.798000,1.35922,1.35919,2630000,1000000
2014-01-06 00:43:41.446000,1.35922,1.35919,4880000,3000000
2014-01-06 00:43:45.828000,1.35922,1.35920,1000000,2250000
2014-01-06 00:43:45.929000,1.35924,1.35921,2630000,2250000
2014-01-06 00:43:46.453000,1.35923,1.35920,1130000,9000000
2014-01-06 00:43:46.554000,1.35926,1.35922,1500000,6750000
2014-01-06 00:43:46.782000,1.35928,1.35925,1500000,2250000
2014-01-06 00:43:46.883000,1.35929,1.35926,2250000,1000000
2014-01-06 00:43:47.411000,1.35929,1.35926,2250000,1000000
2014-01-06 00:43:47.963000,1.35929,1.35925,1880000,3000000
2014-01-06 00:43:50.090000,1.35929,1.35926,1880000,1000000
2014-01-06 00:43:51.913000,1.35929,1.35925,2630000,2250000
2014-01-06 00:43:52.095000,1.35928,1.35924,1380000,5250000
2014-01-06 00:43:52.400000,1.35923,1.35920,2130000,6000000
2014-01-06 00:43:52.705000,1.35926,1.35923,1000000,4000000
2014-01-06 00:43:52.806000,1.35925,1.35924,1000000,2250000
2014-01-06 00:43:52.907000,1.35928,1.35925,2630000,1000000
2014-01-06 00:43:53.454000,1.35928,1.35924,1880000,1130000
2014-01-06 00:43:56.990000,1.35929,1.35927,1500000,1500000
2014-01-06 00:43:57.445000,1.35930,1.35925,3750000,3000000
2014-01-06 00:43:59.175000,1.35928,1.35924,1500000,5250000
2014-01-06 00:43:59.276000,1.35928,1.35924,3750000,1000000
2014-01-06 00:44:02.445000,1.35928,1.35924,3750000,1500000
2014-01-06 00:44:03.014000,1.35928,1.35925,1130000,3750000
2014-01-06 00:44:07.799000,1.35930,1.35926,2250000,1000000
2014-01-06 00:44:07.850000,1.35930,1.35926,1130000,4500000
2014-01-06 00:44:08.255000,1.35929,1.35925,1380000,6380000
2014-01-06 00:44:09.190000,1.35929,1.35924,1380000,4130000
2014-01-06 00:44:12.638000,1.35929,1.35925,1380000,1000000
2014-01-06 00:44:13.291000,1.35929,1.35924,1880000,2630000
2014-01-06 00:44:15.410000,1.35929,1.35925,1380000,1000000
2014-01-06 00:44:16.370000,1.35929,1.35924,1880000,2630000
2014-01-06 00:44:17.588000,1.35929,1.35925,1380000,1000000
2014-01-06 00:44:20.881000,1.35929,1.35926,1380000,1000000
2014-01-06 00:44:21.396000,1.35929,1.35925,1380000,1000000
2014-01-06 00:44:22.056000,1.35929,1.35924,1880000,2630000
2014-01-06 00:44:23.960000,1.35929,1.35925,1380000,1000000
2014-01-06 00:44:24.839000,1.35929,1.35924,1880000,2630000
2014-01-06 00:44:25.996000,1.35929,1.35924,1500000,1880000
2014-01-06 00:44:27.149000,1.35928,1.35924,1000000,1380000
2014-01-06 00:44:27.650000,1.35929,1.35924,1500000,1880000
2014-01-06 00:44:35.324000,1.35929,1.35924,1880000,1880000
2014-01-06 00:44:36.281000,1.35929,1.35925,1380000,1000000
2014-01-06 00:44:36.880000,1.35929,1.35924,1880000,1880000
2014-01-06 00:44:41.352000,1.35928,1.35924,1130000,2250000
2014-01-06 00:44:41.807000,1.35929,1.35926,1130000,1500000
2014-01-06 00:44:43.212000,1.35930,1.35928,2250000,1000000
