time,ask,bid,ask_volume,bid_volume
2016-07-17 21:00:14.117000,1.10534,1.10454,370000,370000
2016-07-17 21:00:16.339000,1.10535,1.10458,370000,370000
2016-07-17 21:00:16.402000,1.10538,1.10458,750000,750000
2016-07-17 21:00:21.549000,1.10538,1.10468,370000,370000
2016-07-17 21:00:21.600000,1.10548,1.10468,750000,750000
2016-07-17 21:00:21.650000,1.10548,1.10475,370000,370000
2016-07-17 21:00:21.701000,1.10557,1.10475,750000,750000
2016-07-17 21:00:26.251000,1.10557,1.10480,370000,370000
2016-07-17 21:00:26.302000,1.10560,1.10480,750000,750000
2016-07-17 21:00:30.499000,1.10564,1.10484,750000,750000
2016-07-17 21:00:35.220000,1.10528,1.10504,750000,750000
2016-07-17 21:00:47.743000,1.10521,1.10504,750000,750000
2016-07-17 21:00:58.650000,1.10521,1.10509,750000,750000
2016-07-17 21:01:26.194000,1.10526,1.10509,750000,750000
2016-07-17 21:01:26.255000,1.10536,1.10509,750000,750000
2016-07-17 21:01:26.457000,1.10550,1.10504,750000,1870000
2016-07-17 21:01:26.508000,1.10564,1.10510,750000,750000
2016-07-17 21:01:26.710000,1.10565,1.10505,750000,750000
2016-07-17 21:01:27.104000,1.10571,1.10505,750000,750000
2016-07-17 21:01:37.866000,1.10565,1.10505,750000,750000
2016-07-17 21:01:38.191000,1.10553,1.10504,750000,750000
2016-07-17 21:01:41.710000,1.10553,1.10505,750000,750000
2016-07-17 21:01:42.052000,1.10553,1.10510,750000,750000
2016-07-17 21:01:47.474000,1.10554,1.10510,750000,750000
2016-07-17 21:02:07.624000,1.10555,1.10510,750000,750000
2016-07-17 21:02:37.619000,1.10543,1.10510,750000,750000
2016-07-17 21:02:37.679000,1.10543,1.10505,750000,750000
2016-07-17 21:02:38.300000,1.10544,1.10506,750000,750000
2016-07-17 21:02:41.473000,1.10510,1.10506,750000,750000
2016-07-17 21:02:41.669000,1.10509,1.10495,1500000,750000
2016-07-17 21:02:47.671000,1.10507,1.10495,750000,750000
2016-07-17 21:02:49.422000,1.10506,1.10494,750000,1500000
2016-07-17 21:02:52.424000,1.10507,1.10495,1500000,750000
2016-07-17 21:02:53.928000,1.10508,1.10496,1500000,750000
2016-07-17 21:02:54.927000,1.10508,1.10494,1500000,750000
2016-07-17 21:02:57.329000,1.10506,1.10494,750000,750000
2016-07-17 21:02:57.864000,1.10507,1.10495,1500000,750000
2016-07-17 21:02:58.982000,1.10506,1.10495,750000,750000
2016-07-17 21:03:01.282000,1.10506,1.10494,1500000,750000
2016-07-17 21:03:03.802000,1.10504,1.10494,750000,750000
2016-07-17 21:03:05.489000,1.10505,1.10494,1500000,750000
2016-07-17 21:03:11.986000,1.10506,1.10495,750000,750000
2016-07-17 21:03:13.214000,1.10507,1.10495,1500000,750000
2016-07-17 21:03:13.780000,1.10507,1.10496,750000,750000
2016-07-17 21:03:15.045000,1.10506,1.10494,750000,750000
2016-07-17 21:03:53.534000,1.10506,1.10495,750000,750000
2016-07-17 21:03:55.485000,1.10507,1.10497,750000,370000
2016-07-17 21:03:55.586000,1.10510,1.10497,1500000,1120000
2016-07-17 21:03:55.687000,1.10516,1.10498,750000,750000
2016-07-17 21:03:55.738000,1.10516,1.10500,750000,750000
2016-07-17 21:03:56.161000,1.10508,1.10497,750000,1120000
2016-07-17 21:03:59.069000,1.10507,1.10497,750000,750000
2016-07-17 21:03:59.642000,1.10507,1.10496,750000,750000
2016-07-17 21:04:01.470000,1.10507,1.10497,750000,370000
2016-07-17 21:04:01.571000,1.10510,1.10497,1500000,1120000
2016-07-17 21:04:01.873000,1.10508,1.10496,1500000,1500000
2016-07-17 21:04:03.478000,1.10507,1.10496,1000000,1500000
2016-07-17 21:04:04.172000,1.10507,1.10496,1000000,1000000
2016-07-17 21:04:06.264000,1.10507,1.10496,1000000,1190000
2016-07-17 21:04:07.274000,1.10508,1.10496,1000000,1190000
2016-07-17 21:04:07.325000,1.10510,1.10495,1500000,3940000
2016-07-17 21:04:07.429000,1.10510,1.10497,1500000,1190000
2016-07-17 21:04:07.673000,1.10510,1.10497,1500000,1190000
2016-07-17 21:04:07.723000,1.10508,1.10497,1000000,1190000
2016-07-17 21:04:11.919000,1.10509,1.10495,1500000,1690000
2016-07-17 21:04:12.451000,1.10508,1.10495,1000000,1690000
2016-07-17 21:04:14.360000,1.10508,1.10499,1000000,1190000
2016-07-17 21:04:14.411000,1.10511,1.10504,1000000,1250000
2016-07-17 21:04:14.462000,1.10516,1.10504,1500000,1250000
2016-07-17 21:04:14.513000,1.10518,1.10507,1000000,1190000
2016-07-17 21:04:14.817000,1.10509,1.10497,1500000,1190000
2016-07-17 21:04:20.729000,1.10508,1.10496,1000000,1190000
2016-07-17 21:04:38.311000,1.10507,1.10495,1000000,2440000
2016-07-17 21:04:44.954000,1.10508,1.10495,1000000,1690000
2016-07-17 21:04:45.520000,1.10509,1.10498,1500000,1690000
2016-07-17 21:04:46.053000,1.10508,1.10498,1000000,1690000
2016-07-17 21:04:48.064000,1.10509,1.10498,1500000,1690000
2016-07-17 21:04:48.166000,1.10507,1.10498,1000000,1690000
2016-07-17 21:05:00.229000,1.10506,1.10498,1000000,1690000
2016-07-17 21:05:00.706000,1.10502,1.10498,1000000,1690000
2016-07-17 21:05:01.239000,1.10501,1.10498,1000000,1690000
2016-07-17 21:05:03.983000,1.10502,1.10498,1000000,1690000
2016-07-17 21:05:06.370000,1.10501,1.10498,1000000,1690000
2016-07-17 21:05:08.082000,1.10511,1.10499,1250000,1000000
2016-07-17 21:05:09.741000,1.10506,1.10497,1000000,1690000
2016-07-17 21:05:22.350000,1.10511,1.10499,1250000,1000000
2016-07-17 21:05:29.892000,1.10511,1.10497,1250000,1690000
2016-07-17 21:05:29.944000,1.10511,1.10497,1190000,1500000
2016-07-17 21:05:30.428000,1.10506,1.10498,1000000,1500000
2016-07-17 21:05:32.262000,1.10511,1.10499,1000000,1000000
2016-07-17 21:05:42.681000,1.10508,1.10498,1000000,1500000
2016-07-17 21:05:43.386000,1.10507,1.10498,1500000,1500000
2016-07-17 21:05:43.721000,1.10503,1.10498,1000000,2440000
2016-07-17 21:05:44.378000,1.10504,1.10497,1000000,1690000
2016-07-17 21:05:46.171000,1.10505,1.10497,1000000,1690000
2016-07-17 21:05:46.688000,1.10504,1.10497,1000000,1690000
2016-07-17 21:05:52.693000,1.10503,1.10498,1000000,1690000
2016-07-17 21:06:07.123000,1.10504,1.10498,1000000,1500000
2016-07-17 21:06:08.627000,1.10493,1.10489,1000000,1690000
2016-07-17 21:06:08.729000,1.10497,1.10491,1000000,1190000
2016-07-17 21:06:08.831000,1.10503,1.10498,1000000,1500000
2016-07-17 21:06:20.411000,1.10504,1.10498,1000000,1500000
2016-07-17 21:06:21.617000,1.10503,1.10498,1000000,1500000
2016-07-17 21:06:22.219000,1.10502,1.10498,1000000,1500000
2016-07-17 21:06:25.771000,1.10501,1.10498,1000000,1500000
2016-07-17 21:06:25.872000,1.10502,1.10498,1000000,1500000
2016-07-17 21:06:25.923000,1.10507,1.10498,1500000,1500000
2016-07-17 21:06:28.421000,1.10507,1.10498,1500000,1500000
2016-07-17 21:06:29.286000,1.10500,1.10498,1000000,1500000
2016-07-17 21:06:33.082000,1.10501,1.10498,1000000,1500000
2016-07-17 21:06:33.601000,1.10500,1.10498,1000000,1500000
2016-07-17 21:06:37.234000,1.10494,1.10489,1000000,3000000
2016-07-17 21:06:37.287000,1.10495,1.10479,1190000,1190000
2016-07-17 21:06:37.338000,1.10489,1.10479,1000000,1190000
2016-07-17 21:06:37.541000,1.10490,1.10479,1000000,1000000
2016-07-17 21:06:37.592000,1.10492,1.10479,1000000,1000000
2016-07-17 21:06:37.643000,1.10496,1.10490,1500000,1000000
2016-07-17 21:06:37.795000,1.10500,1.10493,1000000,1250000
2016-07-17 21:06:37.846000,1.10505,1.10498,2250000,1500000
2016-07-17 21:06:53.849000,1.10505,1.10498,1500000,1500000
2016-07-17 21:06:54.472000,1.10505,1.10498,1500000,1500000
2016-07-17 21:06:56.059000,1.10505,1.10498,1500000,1500000
2016-07-17 21:06:56.584000,1.10505,1.10498,1500000,1500000
2016-07-17 21:07:00.855000,1.10505,1.10498,1500000,1500000
2016-07-17 21:07:01.394000,1.10505,1.10498,1500000,1500000
2016-07-17 21:07:01.987000,1.10503,1.10498,1000000,1500000
2016-07-17 21:07:04.158000,1.10503,1.10498,1000000,1500000
2016-07-17 21:07:04.581000,1.10501,1.10490,1000000,1690000
2016-07-17 21:07:04.682000,1.10494,1.10485,1000000,2500000
2016-07-17 21:07:04.733000,1.10488,1.10483,1000000,1500000
2016-07-17 21:07:04.886000,1.10495,1.10478,1000000,2440000
2016-07-17 21:07:04.937000,1.10497,1.10478,1500000,2440000
2016-07-17 21:07:05.038000,1.10498,1.10489,1500000,1000000
2016-07-17 21:07:05.342000,1.10506,1.10498,1250000,1500000
2016-07-17 21:07:15.295000,1.10507,1.10498,1000000,1690000
2016-07-17 21:07:20.012000,1.10506,1.10498,1500000,1690000
2016-07-17 21:07:31.124000,1.10505,1.10497,1000000,1690000
2016-07-17 21:07:58.598000,1.10504,1.10498,1000000,1690000
2016-07-17 21:08:03.720000,1.10506,1.10498,1500000,1690000
2016-07-17 21:08:03.822000,1.10504,1.10498,1000000,1690000
2016-07-17 21:08:20.639000,1.10505,1.10498,1500000,1690000
2016-07-17 21:08:21.224000,1.10504,1.10498,1000000,1690000
2016-07-17 21:08:23.244000,1.10505,1.10498,1500000,1690000
2016-07-17 21:08:24.915000,1.10504,1.10498,1000000,1690000
2016-07-17 21:08:33.627000,1.10506,1.10498,1500000,1690000
2016-07-17 21:08:38.838000,1.10511,1.10499,1250000,1000000
2016-07-17 21:09:29.918000,1.10510,1.10499,1000000,1000000
2016-07-17 21:09:33.585000,1.10511,1.10499,1690000,1000000
2016-07-17 21:09:47.896000,1.10510,1.10499,1000000,1000000
2016-07-17 21:09:50.098000,1.10511,1.10499,1690000,1000000
2016-07-17 21:10:03.228000,1.10511,1.10498,1250000,2440000
2016-07-17 21:11:09.291000,1.10511,1.10499,1250000,1000000
2016-07-17 21:11:30.088000,1.10507,1.10498,1000000,1690000
2016-07-17 21:11:30.391000,1.10507,1.10498,1000000,1690000
2016-07-17 21:11:41.039000,1.10508,1.10498,1000000,1690000
2016-07-17 21:11:42.208000,1.10507,1.10498,1000000,1690000
2016-07-17 21:11:59.139000,1.10508,1.10500,1000000,1250000
2016-07-17 21:11:59.928000,1.10507,1.10500,1000000,1250000
2016-07-17 21:12:03.845000,1.10508,1.10500,1000000,1250000
2016-07-17 21:12:04.509000,1.10507,1.10500,1000000,1250000
2016-07-17 21:12:10.151000,1.10508,1.10500,1000000,1250000
2016-07-17 21:12:10.960000,1.10507,1.10500,1000000,1250000
2016-07-17 21:12:11.541000,1.10503,1.10500,1000000,1000000
2016-07-17 21:12:11.744000,1.10505,1.10500,1000000,1250000
2016-07-17 21:12:11.795000,1.10507,1.10500,1100000,1250000
2016-07-17 21:12:12.430000,1.10506,1.10499,1500000,1000000
2016-07-17 21:12:36.906000,1.10506,1.10500,1000000,1000000
2016-07-17 21:12:42.112000,1.10506,1.10499,1500000,1500000
2016-07-17 21:13:03.410000,1.10506,1.10498,1500000,2440000
2016-07-17 21:13:05.045000,1.10507,1.10498,1100000,2440000
2016-07-17 21:13:05.096000,1.10507,1.10498,1100000,2440000
2016-07-17 21:13:05.147000,1.10512,1.10499,1500000,1190000
2016-07-17 21:13:05.350000,1.10507,1.10499,1000000,1190000
2016-07-17 21:13:05.451000,1.10507,1.10498,1000000,2440000
2016-07-17 21:13:06.412000,1.10507,1.10499,1000000,1000000
2016-07-17 21:13:15.944000,1.10507,1.10499,1100000,1690000
2016-07-17 21:13:16.451000,1.10508,1.10499,1070000,1000000
2016-07-17 21:13:19.920000,1.10508,1.10499,1000000,1000000
2016-07-17 21:13:26.934000,1.10508,1.10499,1070000,1000000
2016-07-17 21:13:56.272000,1.10508,1.10498,1070000,1500000
2016-07-17 21:14:05.998000,1.10508,1.10499,1070000,1000000
2016-07-17 21:14:42.422000,1.10508,1.10499,1070000,1190000
2016-07-17 21:14:42.525000,1.10512,1.10499,1870000,1190000
2016-07-17 21:14:42.727000,1.10509,1.10499,1070000,1000000
2016-07-17 21:15:01.679000,1.10510,1.10499,1100000,1000000
2016-07-17 21:15:08.823000,1.10512,1.10500,1870000,1500000
2016-07-17 21:15:08.925000,1.10512,1.10500,1570000,2250000
2016-07-17 21:15:08.976000,1.10510,1.10500,1000000,1500000
2016-07-17 21:15:10.681000,1.10512,1.10500,1570000,3190000
2016-07-17 21:15:10.732000,1.10512,1.10502,1570000,1000000
2016-07-17 21:15:10.833000,1.10517,1.10502,1100000,1000000
2016-07-17 21:15:37.665000,1.10512,1.10502,1250000,1000000
2016-07-17 21:15:37.968000,1.10509,1.10499,1100000,1000000
2016-07-17 21:15:44.274000,1.10509,1.10500,1100000,1500000
2016-07-17 21:15:44.325000,1.10512,1.10500,1570000,2250000
2016-07-17 21:15:44.477000,1.10510,1.10500,1000000,1000000
2016-07-17 21:15:48.643000,1.10510,1.10498,1100000,2440000
2016-07-17 21:15:52.985000,1.10509,1.10498,1000000,1690000
2016-07-17 21:15:55.728000,1.10508,1.10497,1000000,1690000
2016-07-17 21:16:02.697000,1.10510,1.10499,1570000,1250000
2016-07-17 21:16:02.799000,1.10512,1.10499,1570000,1190000
2016-07-17 21:16:03.001000,1.10510,1.10499,1000000,1250000
2016-07-17 21:16:05.981000,1.10510,1.10499,1070000,1250000
2016-07-17 21:16:13.144000,1.10508,1.10499,1000000,1250000
2016-07-17 21:16:13.597000,1.10512,1.10499,1570000,1690000
2016-07-17 21:16:13.749000,1.10516,1.10502,1370000,1500000
2016-07-17 21:16:13.800000,1.10515,1.10502,3000000,1500000
2016-07-17 21:16:13.852000,1.10509,1.10502,1000000,1000000
2016-07-17 21:16:14.786000,1.10509,1.10498,1100000,1190000
2016-07-17 21:16:48.269000,1.10512,1.10502,1370000,1190000
2016-07-17 21:16:48.473000,1.10512,1.10505,1500000,2440000
2016-07-17 21:16:48.524000,1.10512,1.10511,1500000,1000000
2016-07-17 21:16:48.626000,1.10519,1.10506,1390000,1000000
2016-07-17 21:16:48.677000,1.10511,1.10506,1120000,1000000
2016-07-17 21:16:48.779000,1.10511,1.10500,1310000,1000000
2016-07-17 21:16:49.284000,1.10511,1.10500,1310000,1000000
2016-07-17 21:16:58.043000,1.10506,1.10500,1190000,1000000
2016-07-17 21:16:58.094000,1.10500,1.10498,1000000,1500000
2016-07-17 21:16:58.197000,1.10498,1.10493,1000000,1000000
2016-07-17 21:16:58.248000,1.10498,1.10490,2250000,1000000
2016-07-17 21:16:58.299000,1.10495,1.10484,2060000,3000000
2016-07-17 21:16:58.502000,1.10494,1.10481,1120000,1500000
2016-07-17 21:17:14.139000,1.10491,1.10480,1010000,1000000
2016-07-17 21:17:14.850000,1.10491,1.10481,1320000,1000000
2016-07-17 21:17:17.600000,1.10491,1.10481,1310000,1000000
2016-07-17 21:17:22.825000,1.10481,1.10478,2250000,1190000
2016-07-17 21:17:22.926000,1.10476,1.10466,1370000,1000000
2016-07-17 21:17:23.029000,1.10476,1.10459,1370000,1120000
2016-07-17 21:17:23.130000,1.10476,1.10459,1500000,1000000
2016-07-17 21:17:23.637000,1.10476,1.10448,3750000,1720000
2016-07-17 21:17:31.868000,1.10473,1.10448,1370000,1030000
2016-07-17 21:17:45.877000,1.10476,1.10455,1370000,1000000
2016-07-17 21:18:02.496000,1.10476,1.10455,1370000,1000000
2016-07-17 21:18:06.248000,1.10472,1.10455,1260000,1000000
2016-07-17 21:18:06.753000,1.10469,1.10456,1250000,1000000
2016-07-17 21:18:07.284000,1.10469,1.10455,1250000,2250000
2016-07-17 21:18:07.789000,1.10470,1.10457,1690000,1000000
2016-07-17 21:18:08.838000,1.10470,1.10456,1190000,1000000
2016-07-17 21:18:09.301000,1.10466,1.10457,1000000,1000000
2016-07-17 21:18:09.504000,1.10471,1.10457,2060000,1000000
2016-07-17 21:18:18.847000,1.10471,1.10456,2060000,1000000
2016-07-17 21:18:19.507000,1.10471,1.10457,2060000,1000000
2016-07-17 21:18:19.558000,1.10471,1.10457,2060000,1000000
2016-07-17 21:18:20.278000,1.10471,1.10456,2060000,1000000
2016-07-17 21:18:21.410000,1.10471,1.10457,2060000,1000000
2016-07-17 21:18:47.476000,1.10471,1.10457,2440000,1500000
2016-07-17 21:19:11.771000,1.10469,1.10456,1370000,1500000
2016-07-17 21:19:24.191000,1.10468,1.10455,1370000,1500000
2016-07-17 21:20:00.275000,1.10468,1.10454,1370000,1530000
2016-07-17 21:20:00.956000,1.10468,1.10454,1370000,1530000
2016-07-17 21:20:03.386000,1.10460,1.10454,1000000,1530000
2016-07-17 21:20:12.302000,1.10460,1.10449,1370000,1280000
2016-07-17 21:20:44.777000,1.10460,1.10446,1000000,1280000
2016-07-17 21:20:44.979000,1.10464,1.10448,1070000,1030000
2016-07-17 21:20:51.492000,1.10465,1.10452,1100000,1530000
2016-07-17 21:21:06.188000,1.10467,1.10452,1500000,1530000
2016-07-17 21:21:06.442000,1.10470,1.10453,1100000,1030000
2016-07-17 21:21:07.939000,1.10472,1.10454,1080000,1000000
2016-07-17 21:21:08.464000,1.10465,1.10453,1250000,1040000
2016-07-17 21:21:09.051000,1.10468,1.10451,1190000,1530000
2016-07-17 21:21:09.491000,1.10468,1.10455,1190000,1000000
2016-07-17 21:21:11.241000,1.10471,1.10455,1000000,1000000
2016-07-17 21:21:11.872000,1.10471,1.10450,1000000,8350000
2016-07-17 21:21:15.045000,1.10471,1.10455,1000000,1500000
2016-07-17 21:21:15.375000,1.10471,1.10455,1000000,1500000
2016-07-17 21:21:50.188000,1.10476,1.10455,1570000,1000000
2016-07-17 21:22:04.015000,1.10475,1.10460,1070000,1500000
2016-07-17 21:22:04.332000,1.10490,1.10474,1380000,1000000
2016-07-17 21:22:22.444000,1.10493,1.10475,1700000,1000000
2016-07-17 21:22:28.380000,1.10493,1.10474,1700000,2250000
2016-07-17 21:22:32.328000,1.10493,1.10475,1700000,1000000
2016-07-17 21:22:41.635000,1.10498,1.10476,2440000,1000000
2016-07-17 21:22:41.966000,1.10488,1.10479,380000,1000000
2016-07-17 21:22:42.474000,1.10498,1.10479,1390000,1000000
2016-07-17 21:22:43.720000,1.10498,1.10480,1390000,1500000
2016-07-17 21:22:44.023000,1.10497,1.10483,1630000,1000000
2016-07-17 21:22:45.737000,1.10497,1.10480,1630000,3750000
2016-07-17 21:22:51.055000,1.10497,1.10483,1250000,1500000
2016-07-17 21:22:55.943000,1.10503,1.10483,1120000,1000000
2016-07-17 21:23:18.848000,1.10503,1.10484,1120000,1000000
2016-07-17 21:23:57.168000,1.10503,1.10483,1120000,1000000
2016-07-17 21:24:05.207000,1.10503,1.10483,1750000,1500000
2016-07-17 21:24:06.422000,1.10500,1.10483,1370000,1000000
2016-07-17 21:24:39.665000,1.10500,1.10485,1370000,1000000
2016-07-17 21:25:03.336000,1.10501,1.10486,1370000,1000000
2016-07-17 21:25:03.659000,1.10503,1.10490,1370000,3000000
2016-07-17 21:25:51.735000,1.10503,1.10491,1370000,1000000
2016-07-17 21:25:55.630000,1.10501,1.10491,4500000,1000000
2016-07-17 21:26:11.775000,1.10498,1.10490,1750000,1000000
2016-07-17 21:26:48.619000,1.10498,1.10489,1750000,1000000
2016-07-17 21:26:48.824000,1.10490,1.10479,1370000,1500000
2016-07-17 21:26:48.875000,1.10490,1.10479,1500000,1500000
2016-07-17 21:26:51.321000,1.10488,1.10479,1120000,1000000
2016-07-17 21:27:11.220000,1.10490,1.10479,1120000,1000000
2016-07-17 21:27:35.499000,1.10512,1.10496,18190001,5120000
2016-07-17 21:27:35.552000,1.10516,1.10514,1000000,1250000
2016-07-17 21:27:35.605000,1.10524,1.10514,8320000,1250000
2016-07-17 21:27:35.657000,1.10510,1.10507,1190000,1000000
2016-07-17 21:27:35.810000,1.10494,1.10491,1000000,1000000
2016-07-17 21:27:35.962000,1.10496,1.10488,6190000,1000000
2016-07-17 21:27:36.065000,1.10496,1.10491,2440000,1000000
2016-07-17 21:27:36.167000,1.10492,1.10484,1370000,1500000
2016-07-17 21:27:36.320000,1.10496,1.10483,1750000,3190000
2016-07-17 21:27:36.421000,1.10497,1.10485,1870000,1250000
2016-07-17 21:27:38.204000,1.10498,1.10494,1500000,1000000
2016-07-17 21:27:38.255000,1.10498,1.10497,1000000,1000000
2016-07-17 21:27:38.336000,1.10502,1.10498,1500000,1250000
2016-07-17 21:27:38.605000,1.10501,1.10495,2440000,1000000
2016-07-17 21:27:41.631000,1.10501,1.10495,1750000,1000000
2016-07-17 21:27:41.683000,1.10502,1.10499,1000000,1250000
2016-07-17 21:27:41.796000,1.10501,1.10496,1250000,1000000
2016-07-17 21:27:41.848000,1.10501,1.10492,1250000,1120000
2016-07-17 21:27:41.899000,1.10501,1.10490,1690000,1000000
2016-07-17 21:27:42.631000,1.10501,1.10489,2440000,2440000
2016-07-17 21:27:44.021000,1.10501,1.10490,2440000,1000000
2016-07-17 21:27:45.076000,1.10501,1.10495,1690000,1000000
2016-07-17 21:27:45.329000,1.10511,1.10501,1690000,1000000
2016-07-17 21:27:45.515000,1.10511,1.10501,1320000,1000000
2016-07-17 21:27:47.022000,1.10508,1.10501,1000000,1000000
2016-07-17 21:27:47.326000,1.10503,1.10491,1370000,2250000
2016-07-17 21:27:47.719000,1.10505,1.10493,1120000,1000000
2016-07-17 21:27:50.819000,1.10508,1.10493,1870000,1000000
2016-07-17 21:28:16.431000,1.10508,1.10505,1370000,1000000
2016-07-17 21:28:16.534000,1.10513,1.10509,1500000,1000000
2016-07-17 21:28:16.585000,1.10513,1.10502,1500000,2250000
2016-07-17 21:28:16.686000,1.10513,1.10502,1500000,2320000
2016-07-17 21:28:16.738000,1.10518,1.10503,1370000,1100000
2016-07-17 21:28:16.820000,1.10518,1.10503,1070000,1120000
2016-07-17 21:28:26.584000,1.10517,1.10503,1070000,1070000
2016-07-17 21:28:27.449000,1.10515,1.10502,1120000,1500000
2016-07-17 21:28:37.579000,1.10514,1.10502,1370000,1000000
2016-07-17 21:28:41.082000,1.10508,1.10502,1000000,1000000
2016-07-17 21:28:41.388000,1.10505,1.10499,1370000,750000
2016-07-17 21:28:41.593000,1.10499,1.10491,1370000,2250000
2016-07-17 21:28:42.122000,1.10499,1.10490,1370000,1000000
2016-07-17 21:28:42.275000,1.10502,1.10490,1370000,1000000
2016-07-17 21:28:54.899000,1.10502,1.10485,1370000,2510000
2016-07-17 21:28:55.500000,1.10502,1.10485,1370000,2510000
2016-07-17 21:29:08.477000,1.10502,1.10485,1370000,2510000
2016-07-17 21:29:09.138000,1.10502,1.10485,1370000,2510000
2016-07-17 21:29:12.136000,1.10502,1.10485,1120000,2440000
2016-07-17 21:29:14.841000,1.10502,1.10486,1120000,1000000
2016-07-17 21:29:18.952000,1.10502,1.10486,1370000,1000000
2016-07-17 21:29:23.995000,1.10504,1.10487,1370000,1070000
2016-07-17 21:30:01.400000,1.10504,1.10488,1120000,1120000
2016-07-17 21:30:01.706000,1.10503,1.10487,1370000,1000000
2016-07-17 21:30:02.339000,1.10503,1.10486,1370000,1570000
2016-07-17 21:30:02.860000,1.10503,1.10487,1370000,1000000
2016-07-17 21:30:04.687000,1.10503,1.10486,1370000,1500000
2016-07-17 21:30:05.856000,1.10503,1.10487,1370000,1000000
2016-07-17 21:30:15.988000,1.10505,1.10491,1750000,1000000
2016-07-17 21:30:16.039000,1.10505,1.10491,1370000,1000000
2016-07-17 21:30:16.140000,1.10505,1.10499,1370000,1000000
2016-07-17 21:30:16.293000,1.10517,1.10507,1950000,1190000
2016-07-17 21:30:16.344000,1.10517,1.10507,1570000,1000000
2016-07-17 21:30:16.445000,1.10517,1.10503,3000000,1500000
2016-07-17 21:30:16.749000,1.10510,1.10501,2250000,1000000
2016-07-17 21:30:16.937000,1.10508,1.10499,1870000,1500000
2016-07-17 21:30:16.988000,1.10505,1.10495,1000000,3000000
2016-07-17 21:30:17.494000,1.10508,1.10495,1750000,4690000
2016-07-17 21:30:21.189000,1.10508,1.10505,1750000,1500000
2016-07-17 21:30:21.249000,1.10508,1.10505,1000000,3000000
2016-07-17 21:30:21.307000,1.10513,1.10509,1570000,1190000
2016-07-17 21:30:21.511000,1.10515,1.10507,1870000,1000000
2016-07-17 21:30:21.563000,1.10511,1.10507,1000000,1000000
2016-07-17 21:30:21.615000,1.10511,1.10502,1500000,1000000
2016-07-17 21:30:21.869000,1.10510,1.10501,3940000,1000000
2016-07-17 21:30:21.920000,1.10507,1.10498,1500000,1500000
2016-07-17 21:30:22.072000,1.10507,1.10497,1070000,1000000
2016-07-17 21:30:22.174000,1.10507,1.10497,3750000,1000000
2016-07-17 21:30:22.225000,1.10507,1.10495,4500000,4690000
2016-07-17 21:30:22.276000,1.10507,1.10495,1500000,4690000
2016-07-17 21:30:24.835000,1.10507,1.10499,1500000,1000000
2016-07-17 21:30:25.139000,1.10517,1.10509,2250000,1260000
2016-07-17 21:30:25.241000,1.10517,1.10510,1500000,1870000
2016-07-17 21:30:25.343000,1.10520,1.10508,3190000,1750000
2016-07-17 21:30:25.395000,1.10520,1.10508,3190000,1000000
2016-07-17 21:30:25.446000,1.10520,1.10505,3190000,2440000
2016-07-17 21:30:25.497000,1.10520,1.10505,6190000,2440000
2016-07-17 21:30:32.400000,1.10517,1.10506,1500000,1250000
2016-07-17 21:30:33.083000,1.10518,1.10505,1120000,3940000
2016-07-17 21:30:40.019000,1.10518,1.10507,1120000,1000000
2016-07-17 21:30:40.857000,1.10518,1.10506,1120000,1690000
2016-07-17 21:30:41.714000,1.10518,1.10507,1120000,1000000
2016-07-17 21:30:43.061000,1.10518,1.10508,1120000,1000000
2016-07-17 21:30:56.384000,1.10514,1.10507,1190000,1000000
2016-07-17 21:30:56.486000,1.10511,1.10503,1310000,2250000
2016-07-17 21:30:56.587000,1.10511,1.10501,1310000,1000000
2016-07-17 21:30:57.129000,1.10511,1.10500,1310000,1250000
2016-07-17 21:31:02.906000,1.10511,1.10500,1690000,1250000
2016-07-17 21:31:08.431000,1.10511,1.10500,1820000,1250000
2016-07-17 21:31:08.683000,1.10510,1.10498,2210000,2250000
2016-07-17 21:31:15.037000,1.10509,1.10501,2140000,1000000
2016-07-17 21:31:15.189000,1.10513,1.10510,1500000,2440000
2016-07-17 21:31:15.291000,1.10520,1.10514,2060000,1000000
2016-07-17 21:31:15.443000,1.10523,1.10514,1570000,1000000
2016-07-17 21:31:15.545000,1.10522,1.10512,1760000,1100000
2016-07-17 21:31:16.053000,1.10521,1.10510,1320000,1290000
2016-07-17 21:31:18.391000,1.10521,1.10510,2000000,1190000
2016-07-17 21:31:18.936000,1.10519,1.10509,2000000,1000000
2016-07-17 21:31:19.038000,1.10518,1.10508,1120000,1500000
2016-07-17 21:31:19.089000,1.10518,1.10506,1120000,1000000
2016-07-17 21:31:19.140000,1.10518,1.10506,1500000,1000000
2016-07-17 21:31:19.721000,1.10516,1.10507,1120000,1500000
2016-07-17 21:31:20.024000,1.10514,1.10507,1370000,1000000
2016-07-17 21:31:20.126000,1.10514,1.10504,1370000,1500000
2016-07-17 21:31:21.774000,1.10514,1.10506,1370000,1000000
2016-07-17 21:31:22.080000,1.10520,1.10512,5250000,2250000
2016-07-17 21:31:22.131000,1.10519,1.10513,1100000,1500000
2016-07-17 21:31:22.232000,1.10517,1.10513,1370000,1000000
2016-07-17 21:31:22.284000,1.10514,1.10509,1100000,1690000
2016-07-17 21:31:22.335000,1.10514,1.10509,1370000,1000000
2016-07-17 21:31:22.537000,1.10509,1.10503,1370000,2250000
2016-07-17 21:31:22.588000,1.10509,1.10500,1370000,1500000
2016-07-17 21:31:22.791000,1.10509,1.10498,1000000,1000000
2016-07-17 21:31:22.842000,1.10509,1.10500,1000000,1000000
2016-07-17 21:31:23.219000,1.10511,1.10499,1370000,1000000
2016-07-17 21:31:24.310000,1.10511,1.10498,1370000,1500000
2016-07-17 21:31:25.751000,1.10511,1.10500,1070000,1000000
2016-07-17 21:31:26.206000,1.10518,1.10501,1370000,1000000
2016-07-17 21:31:27.630000,1.10519,1.10502,1370000,1000000
2016-07-17 21:31:27.984000,1.10519,1.10501,2000000,1000000
2016-07-17 21:31:30.082000,1.10517,1.10513,1120000,1370000
2016-07-17 21:31:30.235000,1.10537,1.10532,4690000,1500000
2016-07-17 21:31:30.286000,1.10537,1.10532,3370000,1500000
2016-07-17 21:31:30.388000,1.10537,1.10533,1500000,1000000
2016-07-17 21:31:30.591000,1.10539,1.10532,2000000,1000000
2016-07-17 21:31:33.526000,1.10527,1.10524,2500000,3750000
2016-07-17 21:31:33.628000,1.10522,1.10518,1500000,1570000
2016-07-17 21:31:33.679000,1.10521,1.10518,1500000,1500000
2016-07-17 21:31:33.831000,1.10530,1.10527,1190000,1500000
2016-07-17 21:31:33.884000,1.10531,1.10527,1000000,1500000
2016-07-17 21:31:34.045000,1.10537,1.10528,2060000,1000000
2016-07-17 21:31:34.676000,1.10537,1.10528,1310000,3000000
2016-07-17 21:31:37.191000,1.10534,1.10528,1290000,3000000
2016-07-17 21:31:37.630000,1.10528,1.10525,1310000,1500000
2016-07-17 21:31:37.681000,1.10528,1.10519,1310000,1000000
2016-07-17 21:31:37.732000,1.10523,1.10515,1000000,3750000
2016-07-17 21:31:37.884000,1.10530,1.10515,1370000,1500000
2016-07-17 21:31:43.687000,1.10531,1.10515,2060000,3000000
2016-07-17 21:31:44.008000,1.10533,1.10516,1370000,1070000
2016-07-17 21:31:47.900000,1.10533,1.10516,1620000,1100000
2016-07-17 21:31:49.641000,1.10533,1.10516,1620000,1100000
2016-07-17 21:31:52.168000,1.10531,1.10515,1310000,1500000
2016-07-17 21:31:52.674000,1.10531,1.10516,1310000,1000000
2016-07-17 21:31:53.295000,1.10533,1.10515,2060000,3000000
2016-07-17 21:31:53.816000,1.10531,1.10516,1310000,1000000
2016-07-17 21:31:59.180000,1.10521,1.10515,1500000,1070000
2016-07-17 21:31:59.231000,1.10521,1.10513,1500000,2250000
2016-07-17 21:31:59.282000,1.10517,1.10509,1000000,1500000
2016-07-17 21:31:59.750000,1.10519,1.10498,1370000,1000000
2016-07-17 21:32:00.781000,1.10520,1.10497,2620000,1500000
2016-07-17 21:32:01.382000,1.10519,1.10498,1370000,1000000
2016-07-17 21:32:02.789000,1.10517,1.10497,1070000,1500000
2016-07-17 21:32:02.991000,1.10515,1.10495,2250000,3070000
2016-07-17 21:32:03.042000,1.10510,1.10495,1000000,3070000
2016-07-17 21:32:03.700000,1.10510,1.10496,1000000,1000000
2016-07-17 21:32:04.206000,1.10511,1.10494,1000000,1570000
2016-07-17 21:32:04.440000,1.10515,1.10495,2250000,1570000
2016-07-17 21:32:08.703000,1.10516,1.10494,2320000,2320000
2016-07-17 21:32:09.231000,1.10515,1.10495,2250000,1570000
2016-07-17 21:32:10.404000,1.10515,1.10496,1500000,1000000
2016-07-17 21:32:10.455000,1.10515,1.10496,1100000,1120000
2016-07-17 21:32:19.070000,1.10511,1.10497,1000000,1070000
2016-07-17 21:32:19.374000,1.10505,1.10488,5440000,2250000
2016-07-17 21:32:19.476000,1.10504,1.10488,1000000,1370000
2016-07-17 21:32:19.578000,1.10504,1.10488,1000000,1500000
2016-07-17 21:32:19.881000,1.10505,1.10489,1000000,1570000
2016-07-17 21:32:20.487000,1.10504,1.10489,1000000,1070000
2016-07-17 21:32:20.875000,1.10501,1.10487,1000000,2620000
2016-07-17 21:32:20.977000,1.10503,1.10486,1000000,1500000
2016-07-17 21:32:21.079000,1.10503,1.10486,1000000,1370000
2016-07-17 21:32:21.180000,1.10500,1.10486,1000000,1370000
2016-07-17 21:32:21.333000,1.10503,1.10487,1000000,1120000
2016-07-17 21:32:21.384000,1.10507,1.10487,1500000,1120000
2016-07-17 21:32:22.691000,1.10508,1.10486,1500000,1370000
2016-07-17 21:32:25.498000,1.10509,1.10488,1120000,1070000
2016-07-17 21:32:26.035000,1.10510,1.10487,1000000,1120000
2016-07-17 21:32:29.891000,1.10508,1.10487,1000000,1120000
2016-07-17 21:32:35.616000,1.10509,1.10488,1000000,1070000
2016-07-17 21:32:36.154000,1.10510,1.10487,1500000,1120000
2016-07-17 21:32:37.656000,1.10509,1.10487,1000000,1120000
2016-07-17 21:32:38.158000,1.10508,1.10487,1000000,1070000
2016-07-17 21:32:46.119000,1.10510,1.10488,1870000,1100000
2016-07-17 21:32:46.170000,1.10510,1.10488,1500000,1120000
2016-07-17 21:32:49.759000,1.10510,1.10499,1500000,4000000
2016-07-17 21:32:49.912000,1.10527,1.10519,1500000,1500000
2016-07-17 21:32:50.014000,1.10534,1.10522,1370000,1000000
2016-07-17 21:32:50.577000,1.10534,1.10523,1370000,1000000
2016-07-17 21:32:52.445000,1.10533,1.10523,1070000,1000000
2016-07-17 21:32:52.553000,1.10529,1.10519,1250000,1000000
2016-07-17 21:32:52.756000,1.10523,1.10513,1000000,2320000
2016-07-17 21:32:52.959000,1.10523,1.10507,1500000,1000000
2016-07-17 21:32:53.067000,1.10523,1.10502,1500000,1200000
2016-07-17 21:33:00.325000,1.10517,1.10501,1000000,1120000
2016-07-17 21:33:07.105000,1.10517,1.10508,1000000,1000000
2016-07-17 21:33:07.259000,1.10535,1.10520,2810000,1000000
2016-07-17 21:33:08.251000,1.10532,1.10519,1320000,1500000
2016-07-17 21:33:11.261000,1.10529,1.10518,1100000,3000000
2016-07-17 21:33:11.782000,1.10529,1.10519,1100000,1000000
2016-07-17 21:33:15.424000,1.10531,1.10518,1870000,3000000
2016-07-17 21:33:16.225000,1.10531,1.10519,1870000,1000000
2016-07-17 21:33:16.533000,1.10530,1.10518,1500000,2250000
2016-07-17 21:33:16.786000,1.10530,1.10518,1570000,1500000
2016-07-17 21:33:21.698000,1.10530,1.10517,1570000,1690000
2016-07-17 21:33:29.992000,1.10530,1.10518,1500000,1500000
2016-07-17 21:33:35.481000,1.10532,1.10518,1570000,1500000
2016-07-17 21:33:41.940000,1.10532,1.10518,1570000,1690000
2016-07-17 21:33:42.041000,1.10532,1.10519,1500000,1620000
2016-07-17 21:33:42.587000,1.10532,1.10517,1120000,2440000
2016-07-17 21:33:45.138000,1.10532,1.10517,1370000,1500000
2016-07-17 21:33:45.442000,1.10525,1.10518,1370000,1500000
2016-07-17 21:33:45.552000,1.10525,1.10511,1370000,1000000
2016-07-17 21:33:45.957000,1.10526,1.10507,1370000,1500000
2016-07-17 21:33:51.648000,1.10526,1.10515,1370000,1000000
2016-07-17 21:33:51.749000,1.10533,1.10517,1370000,4690000
2016-07-17 21:33:59.902000,1.10533,1.10520,1870000,1000000
2016-07-17 21:34:00.004000,1.10533,1.10518,1500000,2440000
2016-07-17 21:34:00.106000,1.10533,1.10518,1870000,1690000
2016-07-17 21:34:01.271000,1.10526,1.10518,1000000,1690000
2016-07-17 21:34:01.525000,1.10521,1.10503,1370000,1870000
2016-07-17 21:34:01.576000,1.10521,1.10503,1370000,1500000
2016-07-17 21:34:01.728000,1.10521,1.10501,1870000,1570000
2016-07-17 21:34:05.305000,1.10516,1.10501,1000000,1570000
2016-07-17 21:34:05.643000,1.10505,1.10493,1070000,1500000
2016-07-17 21:34:05.846000,1.10506,1.10489,1870000,1570000
2016-07-17 21:34:06.932000,1.10505,1.10486,1070000,1120000
2016-07-17 21:34:07.033000,1.10505,1.10486,1070000,1370000
2016-07-17 21:34:07.460000,1.10505,1.10491,1000000,1070000
2016-07-17 21:34:07.562000,1.10512,1.10491,2250000,1120000
2016-07-17 21:34:08.067000,1.10514,1.10492,1570000,1070000
2016-07-17 21:34:08.119000,1.10514,1.10492,1570000,1370000
2016-07-17 21:34:09.042000,1.10514,1.10493,1100000,1500000
2016-07-17 21:34:09.618000,1.10514,1.10493,1100000,1370000
2016-07-17 21:34:13.594000,1.10512,1.10493,1000000,1370000
2016-07-17 21:34:13.899000,1.10503,1.10484,1870000,1870000
2016-07-17 21:34:14.203000,1.10499,1.10479,1870000,1370000
2016-07-17 21:34:15.495000,1.10498,1.10477,1370000,2250000
2016-07-17 21:34:16.498000,1.10499,1.10478,1370000,1880000
2016-07-17 21:34:17.048000,1.10497,1.10479,1500000,1070000
2016-07-17 21:34:17.150000,1.10497,1.10479,1070000,1370000
2016-07-17 21:34:17.251000,1.10497,1.10478,1370000,1380000
2016-07-17 21:34:18.060000,1.10498,1.10477,1750000,1880000
2016-07-17 21:34:18.397000,1.10498,1.10477,1370000,1500000
2016-07-17 21:34:18.900000,1.10498,1.10477,1500000,2250000
2016-07-17 21:34:19.052000,1.10498,1.10476,2250000,1320000
2016-07-17 21:34:19.356000,1.10497,1.10477,1500000,3750000
2016-07-17 21:34:19.457000,1.10495,1.10477,1370000,1380000
2016-07-17 21:34:22.663000,1.10493,1.10474,1070000,2250000
2016-07-17 21:34:23.256000,1.10493,1.10474,1070000,1880000
2016-07-17 21:34:28.177000,1.10493,1.10476,1000000,3750000
2016-07-17 21:34:28.278000,1.10493,1.10474,1120000,1380000
2016-07-17 21:34:36.330000,1.10494,1.10474,1370000,1880000
2016-07-17 21:34:36.836000,1.10494,1.10474,1370000,2630000
2016-07-17 21:34:38.283000,1.10494,1.10474,1120000,2250000
2016-07-17 21:34:38.689000,1.10499,1.10497,3370000,1190000
2016-07-17 21:34:38.848000,1.10501,1.10498,1120000,1690000
2016-07-17 21:34:38.900000,1.10503,1.10498,1120000,3190000
2016-07-17 21:34:39.103000,1.10512,1.10500,1500000,1500000
2016-07-17 21:34:39.205000,1.10520,1.10501,1120000,1000000
2016-07-17 21:34:39.912000,1.10521,1.10500,1370000,1570000
2016-07-17 21:34:40.649000,1.10521,1.10501,1370000,1000000
2016-07-17 21:34:42.654000,1.10521,1.10500,1370000,1500000
2016-07-17 21:34:43.204000,1.10521,1.10501,1370000,1000000
2016-07-17 21:34:43.696000,1.10513,1.10501,1000000,1000000
2016-07-17 21:34:43.797000,1.10513,1.10498,1000000,1500000
2016-07-17 21:34:44.305000,1.10513,1.10494,1000000,1370000
2016-07-17 21:34:44.892000,1.10514,1.10494,1570000,1370000
2016-07-17 21:34:45.431000,1.10513,1.10495,1000000,2620000
2016-07-17 21:34:45.937000,1.10514,1.10494,1100000,2250000
2016-07-17 21:34:46.139000,1.10514,1.10502,1100000,1120000
2016-07-17 21:34:46.443000,1.10530,1.10521,1100000,1000000
2016-07-17 21:34:46.544000,1.10534,1.10519,2620000,1250000
2016-07-17 21:34:47.414000,1.10533,1.10519,1100000,2060000
2016-07-17 21:34:50.034000,1.10531,1.10519,1190000,1120000
2016-07-17 21:34:50.287000,1.10520,1.10503,1100000,3750000
2016-07-17 21:34:50.338000,1.10514,1.10503,1500000,2620000
2016-07-17 21:34:50.490000,1.10513,1.10495,1870000,2250000
2016-07-17 21:34:50.592000,1.10509,1.10493,1100000,1500000
2016-07-17 21:34:50.643000,1.10505,1.10493,1000000,1500000
2016-07-17 21:34:50.795000,1.10505,1.10487,1100000,1370000
2016-07-17 21:34:51.359000,1.10502,1.10487,1000000,1370000
2016-07-17 21:34:51.461000,1.10502,1.10484,1000000,1870000
2016-07-17 21:34:57.522000,1.10503,1.10485,1000000,2620000
2016-07-17 21:34:57.624000,1.10504,1.10485,1000000,3000000
2016-07-17 21:34:58.626000,1.10504,1.10485,1000000,1870000
2016-07-17 21:35:00.414000,1.10503,1.10485,1000000,1370000
2016-07-17 21:35:00.466000,1.10498,1.10485,1000000,1370000
2016-07-17 21:35:00.517000,1.10498,1.10481,1000000,1870000
2016-07-17 21:35:00.669000,1.10495,1.10480,1000000,1500000
2016-07-17 21:35:01.839000,1.10496,1.10480,1570000,3000000
2016-07-17 21:35:02.041000,1.10496,1.10478,1100000,1880000
2016-07-17 21:35:02.869000,1.10494,1.10478,1000000,1880000
2016-07-17 21:35:03.439000,1.10494,1.10478,1000000,2250000
2016-07-17 21:35:04.370000,1.10495,1.10478,1000000,2250000
2016-07-17 21:35:05.973000,1.10497,1.10478,1570000,2250000
2016-07-17 21:35:09.580000,1.10495,1.10478,1000000,2250000
2016-07-17 21:35:09.883000,1.10496,1.10481,1000000,2250000
2016-07-17 21:35:10.106000,1.10493,1.10479,1500000,1070000
2016-07-17 21:35:10.158000,1.10493,1.10475,1500000,2630000
2016-07-17 21:35:10.866000,1.10494,1.10477,1000000,1080000
2016-07-17 21:35:10.968000,1.10493,1.10478,1000000,1380000
2016-07-17 21:35:11.070000,1.10493,1.10478,1500000,1130000
2016-07-17 21:35:11.171000,1.10493,1.10475,1500000,3380000
2016-07-17 21:35:11.882000,1.10493,1.10475,1000000,3380000
2016-07-17 21:35:12.432000,1.10494,1.10475,1000000,3380000
2016-07-17 21:35:23.149000,1.10495,1.10475,1500000,3380000
2016-07-17 21:35:26.468000,1.10495,1.10476,1000000,2250000
2016-07-17 21:35:29.315000,1.10495,1.10476,1000000,1750000
2016-07-17 21:35:31.973000,1.10497,1.10476,1570000,2250000
2016-07-17 21:35:32.474000,1.10497,1.10476,1570000,2250000
2016-07-17 21:35:37.299000,1.10492,1.10476,1500000,1500000
2016-07-17 21:35:37.635000,1.10490,1.10472,1120000,1380000
2016-07-17 21:35:41.881000,1.10491,1.10474,1500000,1130000
2016-07-17 21:35:57.879000,1.10492,1.10474,1500000,1130000
2016-07-17 21:35:58.380000,1.10492,1.10474,1000000,1130000
2016-07-17 21:35:59.191000,1.10491,1.10474,1000000,1380000
2016-07-17 21:35:59.343000,1.10491,1.10473,1120000,2250000
2016-07-17 21:36:50.481000,1.10492,1.10473,1870000,1880000
2016-07-17 21:36:51.978000,1.10492,1.10473,1870000,1880000
2016-07-17 21:36:54.189000,1.10492,1.10473,2620000,1380000
2016-07-17 21:37:00.945000,1.10493,1.10473,2620000,2250000
2016-07-17 21:37:01.479000,1.10493,1.10473,1870000,2250000
2016-07-17 21:37:01.997000,1.10493,1.10473,1870000,2250000
2016-07-17 21:37:02.568000,1.10493,1.10473,1870000,2250000
2016-07-17 21:37:04.053000,1.10493,1.10473,1870000,2250000
2016-07-17 21:37:07.358000,1.10491,1.10473,1370000,1120000
2016-07-17 21:37:07.878000,1.10491,1.10473,1370000,1070000
2016-07-17 21:37:11.316000,1.10491,1.10473,1380000,1070000
2016-07-17 21:37:13.418000,1.10491,1.10473,1370000,1070000
2016-07-17 21:37:23.183000,1.10492,1.10473,1880000,2250000
2016-07-17 21:37:23.945000,1.10492,1.10473,2250000,1870000
2016-07-17 21:37:30.544000,1.10490,1.10473,1120000,1100000
2016-07-17 21:37:39.145000,1.10492,1.10473,1380000,1870000
2016-07-17 21:38:10.122000,1.10490,1.10473,1370000,1070000
2016-07-17 21:38:17.049000,1.10490,1.10473,1370000,1120000
2016-07-17 21:38:29.274000,1.10490,1.10473,1370000,1070000
2016-07-17 21:38:47.010000,1.10490,1.10473,1370000,1120000
2016-07-17 21:38:51.968000,1.10490,1.10473,1370000,1070000
2016-07-17 21:38:56.128000,1.10490,1.10473,1120000,1370000
2016-07-17 21:38:56.676000,1.10490,1.10473,1370000,1120000
2016-07-17 21:39:00.524000,1.10490,1.10473,1500000,1100000
2016-07-17 21:39:09.984000,1.10488,1.10473,1370000,1000000
2016-07-17 21:39:17.048000,1.10488,1.10473,1120000,1000000
2016-07-17 21:39:19.809000,1.10488,1.10471,1120000,1000000
2016-07-17 21:39:34.280000,1.10488,1.10471,1370000,1120000
2016-07-17 21:39:38.166000,1.10485,1.10470,1370000,1010000
2016-07-17 21:39:39.785000,1.10489,1.10470,1370000,1570000
2016-07-17 21:39:40.290000,1.10489,1.10470,1370000,2320000
2016-07-17 21:39:40.829000,1.10489,1.10472,1370000,1000000
2016-07-17 21:39:44.378000,1.10489,1.10471,1370000,1100000
2016-07-17 21:39:47.284000,1.10489,1.10471,1370000,1120000
2016-07-17 21:39:47.735000,1.10490,1.10471,1370000,1370000
2016-07-17 21:39:47.837000,1.10490,1.10471,1500000,1070000
2016-07-17 21:40:16.788000,1.10490,1.10471,1500000,1120000
2016-07-17 21:40:17.454000,1.10490,1.10471,1500000,1070000
2016-07-17 21:40:17.556000,1.10490,1.10471,1370000,1870000
2016-07-17 21:40:18.512000,1.10490,1.10471,1500000,1120000
2016-07-17 21:40:19.020000,1.10490,1.10471,1370000,1370000
2016-07-17 21:40:20.401000,1.10492,1.10473,2250000,1120000
2016-07-17 21:40:20.731000,1.10492,1.10473,1870000,1500000
2016-07-17 21:40:21.606000,1.10492,1.10473,1870000,1370000
2016-07-17 21:40:21.808000,1.10492,1.10473,1870000,1070000
2016-07-17 21:40:23.024000,1.10491,1.10471,1370000,2620000
2016-07-17 21:40:40.079000,1.10491,1.10472,1500000,1120000
2016-07-17 21:40:49.105000,1.10491,1.10472,1370000,1370000
2016-07-17 21:40:52.303000,1.10491,1.10472,1120000,1750000
2016-07-17 21:41:03.967000,1.10492,1.10473,2620000,1750000
2016-07-17 21:41:09.024000,1.10492,1.10473,1370000,1370000
2016-07-17 21:41:13.617000,1.10490,1.10471,1370000,2620000
2016-07-17 21:41:15.041000,1.10490,1.10471,1120000,3000000
2016-07-17 21:41:23.103000,1.10490,1.10472,1370000,1370000
2016-07-17 21:41:24.955000,1.10492,1.10472,1870000,1370000
2016-07-17 21:41:29.717000,1.10492,1.10472,2250000,1370000
2016-07-17 21:41:30.021000,1.10491,1.10472,1620000,1070000
2016-07-17 21:41:30.567000,1.10491,1.10472,2620000,1370000
2016-07-17 21:41:31.572000,1.10491,1.10472,2250000,1120000
2016-07-17 21:41:35.528000,1.10491,1.10472,1370000,1870000
2016-07-17 21:41:36.504000,1.10491,1.10472,1500000,1870000
2016-07-17 21:41:43.093000,1.10491,1.10473,1870000,1120000
2016-07-17 21:41:49.005000,1.10486,1.10473,1000000,1120000
2016-07-17 21:41:49.157000,1.10485,1.10471,1570000,1120000
2016-07-17 21:41:49.663000,1.10485,1.10471,1070000,1070000
2016-07-17 21:41:52.008000,1.10485,1.10471,1500000,1070000
2016-07-17 21:42:00.817000,1.10486,1.10471,2320000,1070000
2016-07-17 21:42:00.927000,1.10485,1.10471,1120000,1100000
2016-07-17 21:42:01.303000,1.10486,1.10471,1070000,2620000
2016-07-17 21:42:02.236000,1.10484,1.10471,1000000,1870000
2016-07-17 21:42:02.747000,1.10484,1.10471,1100000,1570000
2016-07-17 21:42:08.316000,1.10485,1.10471,4120000,1000000
2016-07-17 21:42:10.358000,1.10484,1.10479,1120000,750000
2016-07-17 21:42:10.510000,1.10485,1.10480,1570000,750000
2016-07-17 21:42:21.376000,1.10485,1.10476,1070000,1000000
2016-07-17 21:42:21.528000,1.10491,1.10476,2810000,1100000
2016-07-17 21:42:28.880000,1.10485,1.10474,1190000,1120000
2016-07-17 21:42:29.085000,1.10489,1.10473,2250000,1000000
2016-07-17 21:42:29.590000,1.10488,1.10473,1500000,1100000
2016-07-17 21:42:30.135000,1.10490,1.10473,3190000,1500000
2016-07-17 21:42:30.186000,1.10488,1.10473,1120000,1570000
2016-07-17 21:42:30.641000,1.10487,1.10473,1370000,1000000
2016-07-17 21:42:31.544000,1.10490,1.10473,1620000,1570000
2016-07-17 21:42:32.050000,1.10486,1.10473,1260000,1100000
2016-07-17 21:42:35.799000,1.10486,1.10474,1260000,1000000
2016-07-17 21:42:35.900000,1.10488,1.10474,1500000,1570000
2016-07-17 21:42:36.406000,1.10489,1.10475,1010000,1570000
2016-07-17 21:42:36.950000,1.10488,1.10475,1000000,1570000
2016-07-17 21:42:39.112000,1.10490,1.10474,2810000,1070000
2016-07-17 21:42:39.285000,1.10485,1.10473,1250000,1870000
2016-07-17 21:42:39.806000,1.10485,1.10473,1250000,1570000
2016-07-17 21:42:50.122000,1.10485,1.10473,1010000,2320000
2016-07-17 21:43:06.489000,1.10485,1.10473,1250000,1570000
2016-07-17 21:43:09.219000,1.10486,1.10473,1760000,1570000
2016-07-17 21:43:20.229000,1.10486,1.10481,1010000,1000000
2016-07-17 21:43:20.778000,1.10486,1.10481,1320000,1000000
2016-07-17 21:43:37.550000,1.10485,1.10474,1010000,1500000
2016-07-17 21:43:39.503000,1.10485,1.10473,1010000,1570000
2016-07-17 21:43:40.004000,1.10485,1.10474,1010000,1500000
2016-07-17 21:43:40.509000,1.10485,1.10473,1010000,1570000
2016-07-17 21:43:41.148000,1.10485,1.10474,1010000,1500000
2016-07-17 21:43:41.673000,1.10485,1.10473,1010000,1570000
2016-07-17 21:43:42.178000,1.10485,1.10474,1010000,2250000
2016-07-17 21:44:13.027000,1.10485,1.10474,1320000,2250000
2016-07-17 21:44:16.107000,1.10485,1.10474,1010000,2250000
2016-07-17 21:44:19.969000,1.10485,1.10475,1010000,1500000
2016-07-17 21:44:20.334000,1.10485,1.10479,1010000,1500000
2016-07-17 21:44:20.638000,1.10486,1.10483,1000000,1000000
2016-07-17 21:44:20.757000,1.10490,1.10484,1870000,1000000
2016-07-17 21:44:29.006000,1.10490,1.10484,1570000,1000000
2016-07-17 21:44:30.989000,1.10490,1.10484,1570000,1000000
2016-07-17 21:44:33.304000,1.10490,1.10484,1120000,1000000
2016-07-17 21:44:33.871000,1.10490,1.10484,1070000,1000000
2016-07-17 21:44:49.929000,1.10490,1.10484,1000000,1000000
2016-07-17 21:44:50.437000,1.10492,1.10484,1560000,1000000
2016-07-17 21:44:56.086000,1.10492,1.10484,1260000,1000000
2016-07-17 21:45:18.237000,1.10491,1.10484,1290000,1000000
2016-07-17 21:45:30.105000,1.10491,1.10484,1290000,1000000
2016-07-17 21:45:33.192000,1.10495,1.10484,2060000,1000000
2016-07-17 21:45:34.594000,1.10493,1.10484,1370000,1000000
2016-07-17 21:45:37.322000,1.10493,1.10484,1100000,1000000
2016-07-17 21:45:37.842000,1.10496,1.10485,1370000,1000000
2016-07-17 21:45:52.090000,1.10493,1.10485,1070000,1000000
2016-07-17 21:45:52.639000,1.10492,1.10485,1070000,1000000
2016-07-17 21:45:53.189000,1.10493,1.10485,1870000,1000000
2016-07-17 21:45:53.654000,1.10493,1.10483,1870000,1000000
2016-07-17 21:45:53.856000,1.10495,1.10479,1370000,1570000
2016-07-17 21:45:53.958000,1.10496,1.10479,1370000,1870000
2016-07-17 21:45:54.925000,1.10496,1.10480,1120000,1120000
2016-07-17 21:45:59.014000,1.10496,1.10480,1370000,1570000
2016-07-17 21:46:09.725000,1.10497,1.10486,1370000,1000000
2016-07-17 21:46:10.029000,1.10502,1.10496,1000000,1000000
2016-07-17 21:46:22.985000,1.10508,1.10496,1080000,2250000
2016-07-17 21:46:24.537000,1.10508,1.10496,1080000,2250000
2016-07-17 21:46:40.996000,1.10509,1.10496,2060000,1500000
2016-07-17 21:46:45.976000,1.10509,1.10496,2060000,2250000
2016-07-17 21:47:20.115000,1.10510,1.10497,1500000,1000000
2016-07-17 21:47:32.035000,1.10508,1.10498,1130000,1000000
2016-07-17 21:47:32.621000,1.10509,1.10497,1630000,1500000
2016-07-17 21:47:40.925000,1.10509,1.10497,2250000,1500000
2016-07-17 21:47:42.629000,1.10509,1.10497,2250000,1500000
2016-07-17 21:47:44.832000,1.10509,1.10497,1880000,1500000
2016-07-17 21:47:46.140000,1.10509,1.10497,1880000,1500000
2016-07-17 21:47:58.776000,1.10509,1.10498,1880000,1000000
2016-07-17 21:48:22.359000,1.10509,1.10497,1310000,1000000
2016-07-17 21:48:27.023000,1.10509,1.10498,1130000,1000000
2016-07-17 21:48:27.539000,1.10509,1.10498,1130000,1000000
2016-07-17 21:48:28.630000,1.10510,1.10497,2630000,1500000
2016-07-17 21:48:30.178000,1.10510,1.10502,1880000,1000000
2016-07-17 21:48:30.729000,1.10510,1.10500,1880000,1000000
2016-07-17 21:48:36.994000,1.10510,1.10497,1880000,1500000
2016-07-17 21:48:51.569000,1.10509,1.10497,1880000,1500000
2016-07-17 21:48:52.127000,1.10509,1.10497,2060000,1500000
2016-07-17 21:49:02.090000,1.10507,1.10497,1130000,1500000
2016-07-17 21:49:02.690000,1.10507,1.10497,1130000,1500000
2016-07-17 21:49:06.811000,1.10507,1.10497,1130000,1500000
2016-07-17 21:49:07.410000,1.10507,1.10497,1130000,1500000
2016-07-17 21:49:10.217000,1.10507,1.10501,1130000,1000000
2016-07-17 21:49:11.518000,1.10508,1.10500,1380000,1000000
2016-07-17 21:49:13.922000,1.10508,1.10500,1690000,1000000
2016-07-17 21:49:16.735000,1.10507,1.10500,1380000,1000000
2016-07-17 21:49:17.789000,1.10507,1.10500,1500000,1000000
2016-07-17 21:49:22.927000,1.10508,1.10500,1690000,1000000
2016-07-17 21:49:24.539000,1.10508,1.10500,4690000,1000000
2016-07-17 21:49:25.595000,1.10508,1.10500,4690000,1000000
2016-07-17 21:49:26.132000,1.10508,1.10500,4500000,1000000
2016-07-17 21:49:29.814000,1.10508,1.10497,1380000,1000000
2016-07-17 21:49:30.339000,1.10506,1.10496,1380000,1500000
2016-07-17 21:49:31.115000,1.10506,1.10496,1380000,1500000
2016-07-17 21:49:31.199000,1.10506,1.10496,1380000,1500000
2016-07-17 21:49:31.704000,1.10506,1.10496,1130000,1500000
2016-07-17 21:49:41.323000,1.10506,1.10496,1380000,1000000
2016-07-17 21:49:41.925000,1.10506,1.10496,1380000,1000000
2016-07-17 21:49:42.228000,1.10506,1.10496,1380000,1000000
2016-07-17 21:49:42.809000,1.10506,1.10496,1380000,1000000
2016-07-17 21:49:44.815000,1.10506,1.10496,1380000,1000000
2016-07-17 21:49:45.317000,1.10506,1.10496,1380000,1000000
2016-07-17 21:49:45.765000,1.10506,1.10494,1380000,3190000
2016-07-17 21:49:46.268000,1.10508,1.10494,1760000,2510000
2016-07-17 21:49:46.471000,1.10512,1.10497,2250000,1000000
2016-07-17 21:49:46.977000,1.10513,1.10496,1880000,1120000
2016-07-17 21:49:47.333000,1.10508,1.10496,1080000,1000000
2016-07-17 21:49:51.217000,1.10508,1.10496,1080000,1000000
2016-07-17 21:49:51.725000,1.10508,1.10496,1100000,1100000
2016-07-17 21:50:11.727000,1.10509,1.10494,1690000,1500000
2016-07-17 21:50:30.059000,1.10507,1.10493,1380000,1500000
2016-07-17 21:50:30.634000,1.10504,1.10493,1690000,1000000
2016-07-17 21:50:34.029000,1.10504,1.10493,2000000,1000000
2016-07-17 21:50:35.090000,1.10503,1.10492,1690000,1500000
2016-07-17 21:50:36.661000,1.10504,1.10492,1690000,1500000
2016-07-17 21:50:49.406000,1.10507,1.10491,1380000,3820000
2016-07-17 21:50:49.947000,1.10507,1.10492,1380000,1500000
2016-07-17 21:50:51.715000,1.10507,1.10491,1380000,3820000
2016-07-17 21:50:52.255000,1.10507,1.10492,1380000,1500000
2016-07-17 21:50:52.756000,1.10507,1.10493,1380000,1000000
2016-07-17 21:50:54.204000,1.10507,1.10492,1380000,1100000
2016-07-17 21:50:55.206000,1.10507,1.10493,1380000,1000000
2016-07-17 21:50:55.731000,1.10507,1.10492,1380000,1100000
2016-07-17 21:50:56.257000,1.10507,1.10493,1380000,1000000
2016-07-17 21:50:59.211000,1.10507,1.10492,1380000,1100000
2016-07-17 21:51:00.019000,1.10507,1.10493,1380000,1000000
2016-07-17 21:51:04.823000,1.10508,1.10493,2810000,1500000
2016-07-17 21:51:05.344000,1.10508,1.10493,3560000,2250000
2016-07-17 21:51:09.038000,1.10508,1.10494,3560000,1000000
2016-07-17 21:51:19.329000,1.10507,1.10493,1380000,1000000
2016-07-17 21:51:19.633000,1.10508,1.10501,1370000,1370000
2016-07-17 21:51:19.835000,1.10507,1.10502,1000000,1690000
2016-07-17 21:51:19.886000,1.10507,1.10501,1120000,1190000
2016-07-17 21:51:19.988000,1.10507,1.10495,1120000,1000000
2016-07-17 21:51:20.242000,1.10507,1.10501,1120000,1000000
2016-07-17 21:51:27.914000,1.10508,1.10502,1870000,1000000
2016-07-17 21:51:34.741000,1.10508,1.10495,1120000,1000000
2016-07-17 21:51:35.282000,1.10508,1.10496,1370000,1000000
2016-07-17 21:51:36.081000,1.10508,1.10495,1370000,3000000
2016-07-17 21:51:36.625000,1.10508,1.10496,1370000,1000000
2016-07-17 21:51:38.987000,1.10508,1.10495,1370000,3000000
2016-07-17 21:51:39.573000,1.10508,1.10496,1370000,1000000
2016-07-17 21:51:40.616000,1.10508,1.10495,1370000,3000000
2016-07-17 21:51:41.171000,1.10508,1.10498,1370000,1190000
2016-07-17 21:51:41.374000,1.10509,1.10501,1760000,1500000
2016-07-17 21:51:45.654000,1.10509,1.10501,1620000,1500000
2016-07-17 21:51:45.781000,1.10509,1.10501,1320000,1500000
2016-07-17 21:51:50.790000,1.10509,1.10501,1310000,1500000
2016-07-17 21:51:51.319000,1.10509,1.10502,1310000,1500000
2016-07-17 21:51:54.010000,1.10509,1.10502,1320000,1500000
2016-07-17 21:52:27.900000,1.10509,1.10502,1010000,1500000
2016-07-17 21:52:39.777000,1.10509,1.10505,1250000,1000000
2016-07-17 21:53:13.826000,1.10512,1.10505,1500000,1000000
2016-07-17 21:53:14.029000,1.10518,1.10505,1120000,1000000
2016-07-17 21:53:15.021000,1.10519,1.10506,1370000,1000000
2016-07-17 21:53:15.173000,1.10520,1.10506,1120000,1100000
2016-07-17 21:53:19.035000,1.10521,1.10505,1500000,2250000
2016-07-17 21:53:19.136000,1.10521,1.10505,1120000,2320000
2016-07-17 21:53:25.402000,1.10519,1.10505,1120000,2320000
2016-07-17 21:53:25.948000,1.10523,1.10506,1690000,1100000
2016-07-17 21:53:29.231000,1.10522,1.10508,1370000,1000000
2016-07-17 21:53:34.880000,1.10523,1.10508,1870000,1100000
2016-07-17 21:53:35.664000,1.10521,1.10507,1120000,1100000
2016-07-17 21:53:37.324000,1.10521,1.10506,1120000,1690000
2016-07-17 21:53:37.825000,1.10521,1.10507,1120000,1000000
2016-07-17 21:53:38.426000,1.10521,1.10506,1120000,1690000
2016-07-17 21:53:41.241000,1.10522,1.10506,1370000,1570000
2016-07-17 21:53:42.921000,1.10522,1.10507,1120000,1070000
2016-07-17 21:53:46.069000,1.10516,1.10507,1370000,1070000
2016-07-17 21:53:46.373000,1.10509,1.10503,1000000,1570000
2016-07-17 21:53:50.276000,1.10509,1.10503,1070000,1500000
2016-07-17 21:53:57.726000,1.10509,1.10503,1760000,1500000
2016-07-17 21:53:58.310000,1.10509,1.10503,2060000,1000000
2016-07-17 21:54:00.528000,1.10509,1.10503,2060000,1000000
2016-07-17 21:54:27.684000,1.10509,1.10503,2810000,1000000
2016-07-17 21:54:28.334000,1.10509,1.10503,2060000,1000000
2016-07-17 21:54:29.989000,1.10509,1.10503,3190000,1000000
2016-07-17 21:54:30.539000,1.10509,1.10503,3190000,1000000
2016-07-17 21:54:31.050000,1.10509,1.10502,1760000,1000000
2016-07-17 21:54:40.168000,1.10509,1.10505,1310000,1000000
2016-07-17 21:55:07.330000,1.10509,1.10505,1760000,1000000
2016-07-17 21:55:07.432000,1.10509,1.10507,1000000,1000000
2016-07-17 21:55:07.483000,1.10513,1.10510,1500000,1000000
2016-07-17 21:55:07.584000,1.10518,1.10510,1370000,1000000
2016-07-17 21:55:07.685000,1.10513,1.10510,1190000,1000000
2016-07-17 21:55:07.736000,1.10511,1.10505,1250000,2250000
2016-07-17 21:55:07.787000,1.10509,1.10505,1250000,1000000
2016-07-17 21:55:07.990000,1.10512,1.10506,1500000,1500000
2016-07-17 21:55:08.091000,1.10518,1.10506,1380000,1500000
2016-07-17 21:55:08.192000,1.10511,1.10505,1190000,1000000
2016-07-17 21:55:08.243000,1.10510,1.10502,1190000,1570000
2016-07-17 21:55:08.395000,1.10511,1.10506,1190000,1000000
2016-07-17 21:55:08.446000,1.10512,1.10506,1500000,1000000
2016-07-17 21:55:08.497000,1.10512,1.10508,1500000,1000000
2016-07-17 21:55:08.548000,1.10518,1.10508,1880000,1000000
2016-07-17 21:55:11.333000,1.10518,1.10508,1500000,1000000
2016-07-17 21:55:11.934000,1.10517,1.10507,1370000,1000000
2016-07-17 21:55:12.586000,1.10517,1.10506,1370000,1000000
2016-07-17 21:55:13.236000,1.10515,1.10507,1370000,1000000
2016-07-17 21:55:13.889000,1.10515,1.10506,1370000,1000000
2016-07-17 21:55:14.839000,1.10515,1.10503,1870000,1500000
2016-07-17 21:55:15.383000,1.10515,1.10503,1870000,1500000
2016-07-17 21:55:20.399000,1.10516,1.10503,1570000,1000000
2016-07-17 21:55:24.401000,1.10517,1.10504,1120000,1000000
2016-07-17 21:55:29.366000,1.10518,1.10503,1870000,1570000
2016-07-17 21:55:30.006000,1.10518,1.10504,1120000,1100000
2016-07-17 21:55:31.684000,1.10518,1.10504,1100000,1100000
2016-07-17 21:55:31.886000,1.10518,1.10506,1100000,1000000
2016-07-17 21:55:32.392000,1.10518,1.10506,1070000,1000000
2016-07-17 21:55:34.228000,1.10518,1.10506,1100000,1100000
2016-07-17 21:55:36.984000,1.10518,1.10505,1070000,2320000
2016-07-17 21:55:39.386000,1.10511,1.10505,1000000,1570000
2016-07-17 21:55:39.538000,1.10509,1.10502,1250000,1000000
2016-07-17 21:55:40.888000,1.10509,1.10501,1010000,1500000
2016-07-17 21:55:44.044000,1.10509,1.10502,1250000,1000000
2016-07-17 21:55:50.157000,1.10509,1.10503,1250000,1000000
2016-07-17 21:55:57.767000,1.10509,1.10503,1320000,1000000
2016-07-17 21:56:24.725000,1.10509,1.10503,1120000,1000000
2016-07-17 21:56:25.256000,1.10509,1.10502,1120000,1000000
2016-07-17 21:56:25.690000,1.10509,1.10504,1120000,1000000
2016-07-17 21:56:25.846000,1.10512,1.10504,1570000,2250000
2016-07-17 21:56:25.897000,1.10511,1.10503,1690000,1000000
2016-07-17 21:56:26.201000,1.10510,1.10502,2440000,1000000
2016-07-17 21:56:26.886000,1.10510,1.10501,2440000,2250000
2016-07-17 21:56:27.406000,1.10510,1.10502,2440000,1000000
2016-07-17 21:56:28.917000,1.10510,1.10501,2440000,2250000
2016-07-17 21:56:29.489000,1.10510,1.10501,1690000,2250000
2016-07-17 21:56:30.493000,1.10505,1.10501,1000000,1000000
2016-07-17 21:56:30.544000,1.10505,1.10498,1120000,1500000
2016-07-17 21:56:30.746000,1.10505,1.10491,1120000,1100000
2016-07-17 21:56:34.625000,1.10506,1.10491,1500000,1570000
2016-07-17 21:56:35.159000,1.10506,1.10491,1370000,2320000
2016-07-17 21:56:44.482000,1.10506,1.10492,1370000,1000000
2016-07-17 21:56:53.391000,1.10506,1.10491,1370000,1500000
2016-07-17 21:56:53.543000,1.10506,1.10491,1500000,1000000
2016-07-17 21:56:54.092000,1.10506,1.10491,1370000,1000000
2016-07-17 21:56:55.108000,1.10506,1.10491,1500000,1000000
2016-07-17 21:56:55.210000,1.10505,1.10491,1120000,1000000
2016-07-17 21:56:55.896000,1.10507,1.10490,1620000,2250000
2016-07-17 21:56:56.948000,1.10504,1.10490,1370000,2250000
2016-07-17 21:56:58.300000,1.10506,1.10490,1370000,3070000
2016-07-17 21:57:00.253000,1.10506,1.10490,1120000,3370000
2016-07-17 21:57:01.428000,1.10507,1.10493,1370000,1000000
2016-07-17 21:57:03.460000,1.10507,1.10492,1370000,1570000
2016-07-17 21:57:08.097000,1.10507,1.10492,1120000,1570000
2016-07-17 21:57:08.639000,1.10507,1.10492,1370000,1570000
2016-07-17 21:57:11.023000,1.10505,1.10492,1370000,1000000
2016-07-17 21:57:13.226000,1.10505,1.10493,1370000,1000000
2016-07-17 21:57:14.322000,1.10506,1.10492,1370000,1000000
2016-07-17 21:57:22.047000,1.10502,1.10490,1070000,1500000
2016-07-17 21:57:22.149000,1.10504,1.10488,1870000,1570000
2016-07-17 21:57:23.920000,1.10504,1.10488,2250000,1500000
2016-07-17 21:57:24.549000,1.10503,1.10489,1370000,1000000
2016-07-17 21:57:25.050000,1.10503,1.10488,1870000,1000000
2016-07-17 21:57:28.658000,1.10503,1.10487,1870000,2320000
2016-07-17 21:57:29.226000,1.10503,1.10487,2250000,2250000
2016-07-17 21:57:31.781000,1.10503,1.10488,1500000,1000000
2016-07-17 21:57:32.286000,1.10502,1.10488,1690000,1000000
2016-07-17 21:57:32.883000,1.10500,1.10484,1370000,1570000
2016-07-17 21:57:33.187000,1.10502,1.10488,1690000,1000000
2016-07-17 21:57:33.340000,1.10500,1.10484,1870000,1100000
2016-07-17 21:57:35.570000,1.10500,1.10488,1620000,1000000
2016-07-17 21:57:35.773000,1.10499,1.10483,1370000,2320000
2016-07-17 21:57:39.729000,1.10500,1.10484,2440000,1000000
2016-07-17 21:57:40.867000,1.10498,1.10483,1370000,1000000
2016-07-17 21:57:41.378000,1.10498,1.10484,1370000,1000000
2016-07-17 21:57:42.870000,1.10498,1.10488,1370000,1000000
2016-07-17 21:57:43.078000,1.10500,1.10488,1370000,1000000
2016-07-17 21:57:43.600000,1.10499,1.10488,1370000,1000000
2016-07-17 21:57:44.386000,1.10499,1.10484,1370000,1000000
2016-07-17 21:57:44.973000,1.10499,1.10490,1370000,1000000
2016-07-17 21:57:45.025000,1.10499,1.10490,1120000,1000000
2016-07-17 21:57:45.127000,1.10502,1.10489,1120000,1000000
2016-07-17 21:57:45.389000,1.10505,1.10493,1120000,1000000
2016-07-17 21:57:45.491000,1.10506,1.10493,1750000,1000000
2016-07-17 21:57:45.593000,1.10506,1.10495,1500000,1000000
2016-07-17 21:57:45.897000,1.10507,1.10498,1370000,1000000
2016-07-17 21:57:46.441000,1.10509,1.10497,2440000,2250000
2016-07-17 21:57:46.593000,1.10509,1.10497,1320000,1500000
2016-07-17 21:57:46.644000,1.10505,1.10497,1000000,1000000
2016-07-17 21:57:46.695000,1.10505,1.10493,1370000,1500000
2016-07-17 21:57:46.847000,1.10499,1.10492,1000000,1000000
2016-07-17 21:57:46.898000,1.10499,1.10485,1120000,1570000
2016-07-17 21:57:46.999000,1.10499,1.10485,1100000,1100000
2016-07-17 21:57:47.151000,1.10497,1.10484,1000000,1570000
2016-07-17 21:57:48.340000,1.10497,1.10484,1000000,1120000
2016-07-17 21:57:50.648000,1.10498,1.10484,1100000,1870000
2016-07-17 21:57:51.328000,1.10497,1.10484,1100000,1070000
2016-07-17 21:57:51.876000,1.10496,1.10483,1000000,1120000
2016-07-17 21:57:52.382000,1.10496,1.10482,1100000,1120000
2016-07-17 21:57:53.304000,1.10496,1.10482,1070000,1070000
2016-07-17 21:57:54.285000,1.10496,1.10483,1000000,1120000
2016-07-17 21:57:54.959000,1.10497,1.10484,1100000,1070000
2016-07-17 21:57:55.468000,1.10498,1.10485,1100000,1570000
2016-07-17 21:57:57.069000,1.10497,1.10485,1000000,1070000
2016-07-17 21:57:57.576000,1.10497,1.10484,1100000,1570000
2016-07-17 21:57:58.679000,1.10499,1.10484,1370000,1100000
2016-07-17 21:58:04.821000,1.10497,1.10483,1100000,1120000
2016-07-17 21:58:06.495000,1.10498,1.10485,1000000,1870000
2016-07-17 21:58:07.341000,1.10501,1.10485,1070000,1870000
2016-07-17 21:58:09.798000,1.10500,1.10486,1100000,1100000
2016-07-17 21:58:13.055000,1.10500,1.10486,1100000,1120000
2016-07-17 21:58:16.262000,1.10500,1.10486,1070000,1070000
2016-07-17 21:58:19.985000,1.10501,1.10486,1100000,1070000
2016-07-17 21:58:20.872000,1.10501,1.10486,1100000,1370000
2016-07-17 21:58:21.421000,1.10501,1.10487,1000000,1370000
2016-07-17 21:58:21.929000,1.10502,1.10489,1000000,1120000
2016-07-17 21:58:22.476000,1.10500,1.10489,1000000,1070000
2016-07-17 21:58:23.026000,1.10500,1.10488,1000000,1070000
2016-07-17 21:58:26.281000,1.10501,1.10488,1100000,1070000
2016-07-17 21:58:26.782000,1.10501,1.10488,1070000,1100000
2016-07-17 21:58:27.921000,1.10500,1.10486,1070000,1070000
2016-07-17 21:58:28.888000,1.10498,1.10486,1000000,1070000
2016-07-17 21:58:29.041000,1.10500,1.10487,1100000,1070000
2016-07-17 21:58:29.588000,1.10500,1.10487,1000000,1120000
2016-07-17 21:58:35.095000,1.10501,1.10487,1100000,1120000
2016-07-17 21:58:36.400000,1.10500,1.10487,1000000,1120000
2016-07-17 21:58:36.803000,1.10498,1.10487,1000000,1120000
2016-07-17 21:58:36.957000,1.10496,1.10486,1000000,1100000
2016-07-17 21:58:39.602000,1.10499,1.10484,1070000,1870000
2016-07-17 21:58:39.805000,1.10499,1.10483,1370000,1070000
2016-07-17 21:58:40.159000,1.10499,1.10484,1070000,1120000
2016-07-17 21:58:46.526000,1.10501,1.10486,1120000,1070000
2016-07-17 21:58:48.105000,1.10509,1.10506,5440000,1000000
2016-07-17 21:58:48.156000,1.10509,1.10506,1690000,1000000
2016-07-17 21:58:48.216000,1.10511,1.10507,1070000,1000000
2016-07-17 21:58:48.267000,1.10511,1.10502,1750000,3000000
2016-07-17 21:58:48.319000,1.10512,1.10502,4500000,2250000
2016-07-17 21:58:48.522000,1.10511,1.10504,1100000,1500000
2016-07-17 21:58:48.623000,1.10511,1.10504,1120000,1500000
2016-07-17 21:58:52.427000,1.10511,1.10505,1120000,3000000
2016-07-17 21:58:52.988000,1.10510,1.10506,1070000,1500000
2016-07-17 21:58:53.729000,1.10510,1.10508,1100000,1000000
2016-07-17 21:58:54.423000,1.10510,1.10508,1070000,1000000
2016-07-17 21:58:54.838000,1.10508,1.10504,1070000,2250000
2016-07-17 21:58:55.225000,1.10509,1.10507,1120000,1000000
2016-07-17 21:58:55.428000,1.10509,1.10506,1370000,1500000
2016-07-17 21:58:55.942000,1.10505,1.10504,1000000,3750000
2016-07-17 21:58:56.477000,1.10512,1.10506,2250000,1500000
2016-07-17 21:58:57.002000,1.10510,1.10505,1370000,3000000
2016-07-17 21:58:57.216000,1.10512,1.10506,1370000,1000000
2016-07-17 21:58:57.318000,1.10512,1.10506,1750000,1500000
2016-07-17 21:58:57.626000,1.10509,1.10507,1100000,1500000
2016-07-17 21:58:58.104000,1.10512,1.10509,3370000,1000000
2016-07-17 21:58:58.311000,1.10513,1.10509,1450000,1500000
2016-07-17 21:58:58.428000,1.10514,1.10510,1580000,2250000
2016-07-17 21:58:58.630000,1.10511,1.10509,3000000,1000000
2016-07-17 21:58:58.732000,1.10511,1.10508,1500000,1000000
2016-07-17 21:58:58.784000,1.10509,1.10507,1000000,3750000
2016-07-17 21:58:58.891000,1.10511,1.10509,1000000,1000000
2016-07-17 21:58:59.296000,1.10511,1.10509,2250000,1000000
2016-07-17 21:58:59.398000,1.10509,1.10507,1000000,2250000
2016-07-17 21:58:59.903000,1.10509,1.10508,1000000,1000000
2016-07-17 21:59:01.142000,1.10508,1.10507,750000,2250000
2016-07-17 21:59:01.754000,1.10509,1.10508,1500000,750000
2016-07-17 21:59:03.249000,1.10508,1.10507,750000,2250000
2016-07-17 21:59:03.753000,1.10509,1.10508,750000,750000
2016-07-17 21:59:06.972000,1.10509,1.10508,1570000,1500000
2016-07-17 21:59:11.633000,1.10505,1.10504,750000,1500000
2016-07-17 21:59:11.963000,1.10505,1.10504,1120000,750000
2016-07-17 21:59:13.159000,1.10500,1.10499,750000,2790000
2016-07-17 21:59:13.260000,1.10501,1.10500,1500000,690000
2016-07-17 21:59:15.893000,1.10500,1.10499,750000,4290000
2016-07-17 21:59:16.047000,1.10507,1.10506,3000000,370000
2016-07-17 21:59:37.631000,1.10501,1.10500,750000,370000
2016-07-17 21:59:37.833000,1.10506,1.10505,100000,370000
2016-07-17 21:59:37.884000,1.10510,1.10509,2320000,750000
2016-07-17 21:59:38.003000,1.10501,1.10493,750000,100000
2016-07-17 21:59:38.105000,1.10502,1.10501,750000,750000
2016-07-17 21:59:39.174000,1.10509,1.10508,1950000,750000
2016-07-17 21:59:42.636000,1.10498,1.10497,750000,750000
2016-07-17 21:59:42.687000,1.10498,1.10497,750000,370000
2016-07-17 21:59:42.738000,1.10505,1.10504,750000,2130000
2016-07-17 21:59:43.282000,1.10505,1.10504,750000,750000
2016-07-17 21:59:43.830000,1.10506,1.10505,750000,750000
2016-07-17 21:59:45.956000,1.10508,1.10507,750000,750000
2016-07-17 21:59:51.464000,1.10503,1.10502,750000,750000
2016-07-17 21:59:51.516000,1.10503,1.10502,750000,750000
2016-07-17 21:59:51.568000,1.10496,1.10495,750000,4120000
2016-07-17 21:59:51.670000,1.10505,1.10504,750000,3000000
2016-07-17 21:59:51.721000,1.10505,1.10499,750000,100000
2016-07-17 21:59:51.772000,1.10502,1.10495,750000,100000
2016-07-17 21:59:51.873000,1.10499,1.10495,750000,1500000
2016-07-17 21:59:52.177000,1.10497,1.10494,750000,100000
2016-07-17 21:59:52.353000,1.10499,1.10494,1500000,100000
2016-07-17 21:59:52.578000,1.10509,1.10494,3450000,100000
2016-07-17 21:59:52.629000,1.10509,1.10499,1120000,100000
2016-07-17 21:59:52.732000,1.10512,1.10500,1500000,100000
2016-07-17 21:59:52.783000,1.10509,1.10500,750000,100000
2016-07-17 21:59:52.936000,1.10508,1.10495,1500000,100000
2016-07-17 21:59:53.997000,1.10506,1.10492,100000,1570000
2016-07-17 21:59:54.048000,1.10507,1.10495,750000,100000
2016-07-17 22:00:00.221000,1.10506,1.10495,750000,100000
2016-07-17 22:00:00.529000,1.10515,1.10500,750000,1500000
2016-07-17 22:00:01.036000,1.10514,1.10500,100000,750000
2016-07-17 22:00:01.239000,1.10512,1.10500,100000,750000
2016-07-17 22:00:01.745000,1.10513,1.10500,100000,750000
2016-07-17 22:00:02.063000,1.10510,1.10506,100000,750000
2016-07-17 22:00:02.290000,1.10512,1.10506,100000,750000
2016-07-17 22:00:02.342000,1.10515,1.10501,820000,750000
2016-07-17 22:00:03.050000,1.10514,1.10501,750000,750000
2016-07-17 22:00:03.353000,1.10512,1.10501,750000,750000
2016-07-17 22:00:03.981000,1.10513,1.10501,750000,750000
2016-07-17 22:00:04.521000,1.10514,1.10501,750000,750000
2016-07-17 22:00:05.571000,1.10514,1.10500,750000,1870000
2016-07-17 22:00:06.082000,1.10514,1.10501,750000,750000
2016-07-17 22:00:08.075000,1.10515,1.10501,750000,750000
2016-07-17 22:00:08.395000,1.10513,1.10501,750000,1500000
2016-07-17 22:00:09.292000,1.10514,1.10501,750000,1500000
2016-07-17 22:00:10.456000,1.10515,1.10501,750000,1500000
2016-07-17 22:00:10.768000,1.10511,1.10501,750000,1500000
2016-07-17 22:00:12.363000,1.10512,1.10501,750000,1500000
2016-07-17 22:00:12.994000,1.10511,1.10501,750000,1500000
2016-07-17 22:00:14.361000,1.10512,1.10501,750000,1500000
2016-07-17 22:00:14.874000,1.10513,1.10501,750000,750000
2016-07-17 22:00:15.398000,1.10513,1.10500,750000,2620000
2016-07-17 22:00:15.924000,1.10513,1.10501,750000,750000
2016-07-17 22:00:18.207000,1.10513,1.10503,750000,750000
2016-07-17 22:00:18.666000,1.10513,1.10501,750000,1500000
2016-07-17 22:00:18.920000,1.10513,1.10503,750000,750000
2016-07-17 22:00:19.224000,1.10517,1.10510,750000,1870000
2016-07-17 22:00:19.478000,1.10516,1.10505,750000,750000
2016-07-17 22:00:19.529000,1.10516,1.10503,750000,750000
2016-07-17 22:00:20.042000,1.10516,1.10502,750000,2250000
2016-07-17 22:00:20.297000,1.10516,1.10504,750000,750000
2016-07-17 22:00:20.702000,1.10516,1.10502,750000,2250000
2016-07-17 22:00:21.179000,1.10514,1.10502,750000,2250000
2016-07-17 22:00:21.838000,1.10514,1.10505,750000,750000
2016-07-17 22:00:22.193000,1.10517,1.10506,820000,750000
2016-07-17 22:00:22.397000,1.10515,1.10505,750000,750000
2016-07-17 22:00:22.803000,1.10517,1.10506,820000,1500000
2016-07-17 22:00:23.309000,1.10517,1.10505,820000,750000
2016-07-17 22:00:23.613000,1.10517,1.10507,820000,750000
2016-07-17 22:00:24.120000,1.10517,1.10508,820000,750000
2016-07-17 22:00:24.323000,1.10517,1.10505,750000,2250000
2016-07-17 22:00:24.627000,1.10517,1.10507,750000,750000
2016-07-17 22:00:25.223000,1.10517,1.10508,750000,1500000
2016-07-17 22:00:25.786000,1.10518,1.10508,820000,1500000
2016-07-17 22:00:25.957000,1.10518,1.10506,820000,750000
2016-07-17 22:00:26.066000,1.10517,1.10504,100000,1350000
2016-07-17 22:00:26.270000,1.10515,1.10505,750000,370000
2016-07-17 22:00:26.777000,1.10517,1.10504,750000,600000
2016-07-17 22:00:27.205000,1.10513,1.10503,750000,750000
2016-07-17 22:00:27.408000,1.10516,1.10503,750000,1500000
2016-07-17 22:00:27.916000,1.10515,1.10504,370000,750000
2016-07-17 22:00:28.422000,1.10516,1.10503,1120000,1500000
2016-07-17 22:00:29.096000,1.10517,1.10503,750000,1500000
2016-07-17 22:00:29.248000,1.10515,1.10504,370000,750000
2016-07-17 22:00:29.704000,1.10515,1.10502,1120000,3000000
2016-07-17 22:00:29.958000,1.10515,1.10505,1120000,750000
2016-07-17 22:00:30.464000,1.10514,1.10506,750000,750000
2016-07-17 22:00:30.569000,1.10515,1.10504,1120000,750000
2016-07-17 22:00:30.620000,1.10513,1.10503,750000,1500000
2016-07-17 22:00:31.076000,1.10515,1.10504,750000,750000
2016-07-17 22:00:33.229000,1.10514,1.10504,750000,750000
2016-07-17 22:00:33.634000,1.10516,1.10504,750000,750000
2016-07-17 22:00:34.040000,1.10516,1.10506,100000,750000
2016-07-17 22:00:34.091000,1.10518,1.10506,2250000,750000
2016-07-17 22:00:34.618000,1.10518,1.10508,1500000,750000
2016-07-17 22:00:35.125000,1.10517,1.10508,750000,750000
2016-07-17 22:00:36.415000,1.10517,1.10507,750000,1500000
2016-07-17 22:00:36.922000,1.10517,1.10508,750000,750000
2016-07-17 22:00:37.465000,1.10516,1.10508,750000,750000
2016-07-17 22:00:38.192000,1.10517,1.10508,1120000,750000
2016-07-17 22:00:38.710000,1.10516,1.10508,750000,750000
2016-07-17 22:00:39.321000,1.10517,1.10508,750000,750000
2016-07-17 22:00:39.928000,1.10516,1.10508,750000,1500000
2016-07-17 22:00:40.522000,1.10517,1.10508,750000,750000
2016-07-17 22:00:40.827000,1.10514,1.10508,750000,750000
2016-07-17 22:00:41.333000,1.10514,1.10507,750000,750000
2016-07-17 22:00:41.562000,1.10515,1.10505,370000,3000000
2016-07-17 22:00:41.715000,1.10517,1.10506,750000,750000
2016-07-17 22:00:41.923000,1.10515,1.10506,750000,1500000
2016-07-17 22:00:42.430000,1.10515,1.10505,750000,750000
2016-07-17 22:00:43.524000,1.10513,1.10505,750000,2250000
2016-07-17 22:00:43.727000,1.10515,1.10505,1120000,1500000
2016-07-17 22:00:44.234000,1.10514,1.10505,750000,1500000
2016-07-17 22:00:44.740000,1.10513,1.10505,750000,2250000
2016-07-17 22:00:45.145000,1.10515,1.10505,750000,1500000
2016-07-17 22:00:46.223000,1.10514,1.10505,750000,2250000
2016-07-17 22:00:46.729000,1.10515,1.10506,370000,750000
2016-07-17 22:00:47.809000,1.10515,1.10506,1500000,1500000
2016-07-17 22:00:48.417000,1.10516,1.10507,750000,750000
2016-07-17 22:00:48.519000,1.10516,1.10507,100000,1500000
2016-07-17 22:00:48.722000,1.10518,1.10508,1570000,750000
2016-07-17 22:00:49.200000,1.10515,1.10507,370000,750000
2016-07-17 22:00:50.010000,1.10516,1.10507,370000,750000
2016-07-17 22:00:50.548000,1.10515,1.10506,370000,5250000
2016-07-17 22:00:51.095000,1.10515,1.10507,370000,750000
2016-07-17 22:00:51.315000,1.10517,1.10507,1130000,750000
2016-07-17 22:00:52.037000,1.10515,1.10507,370000,1500000
2016-07-17 22:00:52.544000,1.10515,1.10506,1870000,750000
2016-07-17 22:00:53.051000,1.10516,1.10506,2250000,750000
2016-07-17 22:00:53.547000,1.10513,1.10505,750000,370000
2016-07-17 22:00:53.750000,1.10515,1.10505,2620000,370000
2016-07-17 22:00:54.512000,1.10516,1.10505,1880000,1870000
2016-07-17 22:00:55.038000,1.10514,1.10505,750000,1870000
2016-07-17 22:00:55.553000,1.10512,1.10505,750000,1120000
2016-07-17 22:00:56.070000,1.10513,1.10505,750000,370000
2016-07-17 22:00:56.614000,1.10514,1.10505,750000,370000
2016-07-17 22:00:57.126000,1.10515,1.10505,750000,370000
2016-07-17 22:00:57.633000,1.10514,1.10505,750000,370000
2016-07-17 22:00:58.317000,1.10513,1.10505,750000,370000
2016-07-17 22:00:58.830000,1.10512,1.10501,1120000,1500000
2016-07-17 22:00:58.950000,1.10510,1.10501,750000,1500000
2016-07-17 22:00:59.456000,1.10509,1.10502,750000,750000
2016-07-17 22:00:59.962000,1.10510,1.10502,750000,750000
2016-07-17 22:01:00.887000,1.10510,1.10501,750000,1500000
2016-07-17 22:01:01.416000,1.10511,1.10502,1500000,750000
2016-07-17 22:01:01.917000,1.10510,1.10502,750000,750000
2016-07-17 22:01:02.424000,1.10510,1.10501,750000,1500000
2016-07-17 22:01:02.930000,1.10511,1.10502,750000,750000
2016-07-17 22:01:03.445000,1.10511,1.10503,750000,750000
2016-07-17 22:01:03.667000,1.10514,1.10505,100000,370000
2016-07-17 22:01:03.819000,1.10519,1.10505,820000,2620000
2016-07-17 22:01:04.326000,1.10520,1.10507,1500000,1500000
2016-07-17 22:01:04.850000,1.10519,1.10506,750000,750000
2016-07-17 22:01:04.951000,1.10522,1.10506,750000,750000
2016-07-17 22:01:05.154000,1.10524,1.10511,2250000,750000
2016-07-17 22:01:05.459000,1.10533,1.10529,1500000,750000
2016-07-17 22:01:05.523000,1.10535,1.10526,450000,750000
2016-07-17 22:01:05.626000,1.10535,1.10519,600000,750000
2016-07-17 22:01:06.016000,1.10539,1.10520,1500000,750000
2016-07-17 22:01:06.219000,1.10542,1.10521,1860000,750000
2016-07-17 22:01:06.474000,1.10540,1.10521,150000,750000
2016-07-17 22:01:06.981000,1.10540,1.10522,1500000,750000
2016-07-17 22:01:07.618000,1.10539,1.10521,750000,750000
2016-07-17 22:01:08.125000,1.10539,1.10520,750000,1500000
2016-07-17 22:01:08.532000,1.10540,1.10522,900000,750000
2016-07-17 22:01:09.041000,1.10541,1.10522,750000,1500000
2016-07-17 22:01:10.665000,1.10538,1.10522,750000,1500000
2016-07-17 22:01:10.970000,1.10524,1.10522,750000,750000
2016-07-17 22:01:11.072000,1.10524,1.10516,750000,750000
2016-07-17 22:01:11.174000,1.10530,1.10516,750000,2250000
2016-07-17 22:01:11.225000,1.10533,1.10516,1500000,750000
2016-07-17 22:01:11.648000,1.10535,1.10520,750000,2250000
2016-07-17 22:01:11.699000,1.10540,1.10520,750000,3000000
2016-07-17 22:01:11.751000,1.10542,1.10522,370000,750000
2016-07-17 22:01:12.734000,1.10543,1.10524,1500000,750000
2016-07-17 22:01:13.342000,1.10540,1.10524,750000,1500000
2016-07-17 22:01:13.444000,1.10542,1.10524,750000,1500000
2016-07-17 22:01:13.647000,1.10539,1.10523,750000,1500000
2016-07-17 22:01:14.154000,1.10538,1.10523,750000,750000
2016-07-17 22:01:14.576000,1.10535,1.10523,750000,750000
2016-07-17 22:01:14.982000,1.10537,1.10522,750000,1500000
2016-07-17 22:01:15.185000,1.10535,1.10522,750000,750000
2016-07-17 22:01:15.439000,1.10539,1.10521,750000,1500000
2016-07-17 22:01:15.541000,1.10540,1.10524,370000,750000
2016-07-17 22:01:15.592000,1.10542,1.10524,750000,750000
2016-07-17 22:01:15.643000,1.10535,1.10524,750000,750000
2016-07-17 22:01:15.745000,1.10535,1.10521,750000,1500000
2016-07-17 22:01:16.150000,1.10537,1.10522,750000,1870000
2016-07-17 22:01:16.353000,1.10535,1.10522,750000,1120000
2016-07-17 22:01:16.759000,1.10537,1.10522,750000,1870000
2016-07-17 22:01:16.861000,1.10535,1.10522,750000,1120000
2016-07-17 22:01:17.165000,1.10537,1.10522,750000,1120000
2016-07-17 22:01:17.320000,1.10541,1.10522,2250000,1870000
2016-07-17 22:01:17.394000,1.10539,1.10522,750000,1870000
2016-07-17 22:01:17.699000,1.10535,1.10522,750000,1120000
2016-07-17 22:01:17.852000,1.10537,1.10522,750000,1120000
2016-07-17 22:01:18.055000,1.10535,1.10522,750000,1120000
2016-07-17 22:01:18.360000,1.10537,1.10522,750000,1120000
2016-07-17 22:01:18.665000,1.10535,1.10522,750000,1120000
2016-07-17 22:01:18.969000,1.10538,1.10527,750000,1870000
2016-07-17 22:01:19.274000,1.10535,1.10525,3750000,750000
2016-07-17 22:01:19.376000,1.10535,1.10518,3000000,750000
2016-07-17 22:01:19.477000,1.10530,1.10515,750000,2620000
2016-07-17 22:01:19.685000,1.10532,1.10515,750000,2620000
2016-07-17 22:01:19.990000,1.10530,1.10515,750000,1120000
2016-07-17 22:01:20.193000,1.10532,1.10515,750000,1120000
2016-07-17 22:01:21.057000,1.10531,1.10515,750000,1500000
2016-07-17 22:01:21.260000,1.10533,1.10515,750000,1500000
2016-07-17 22:01:21.362000,1.10531,1.10514,750000,750000
2016-07-17 22:01:21.666000,1.10529,1.10513,750000,1500000
2016-07-17 22:01:21.880000,1.10529,1.10510,1500000,750000
2016-07-17 22:01:22.391000,1.10529,1.10509,750000,750000
2016-07-17 22:01:22.595000,1.10526,1.10509,750000,750000
2016-07-17 22:01:22.950000,1.10528,1.10510,750000,1120000
2016-07-17 22:01:23.001000,1.10530,1.10510,900000,1870000
2016-07-17 22:01:23.508000,1.10529,1.10510,750000,2620000
2016-07-17 22:01:23.863000,1.10527,1.10510,750000,750000
2016-07-17 22:01:23.964000,1.10527,1.10508,750000,2620000
2016-07-17 22:01:24.167000,1.10529,1.10508,750000,1870000
2016-07-17 22:01:24.471000,1.10526,1.10510,750000,1120000
2016-07-17 22:01:24.981000,1.10527,1.10510,750000,3000000
2016-07-17 22:01:25.387000,1.10525,1.10511,750000,1870000
2016-07-17 22:01:25.589000,1.10527,1.10510,750000,2250000
2016-07-17 22:01:25.691000,1.10525,1.10510,750000,1120000
2016-07-17 22:01:25.894000,1.10528,1.10510,1500000,1500000
2016-07-17 22:01:25.996000,1.10523,1.10510,750000,370000
2016-07-17 22:01:26.454000,1.10525,1.10510,750000,370000
2016-07-17 22:01:26.956000,1.10524,1.10510,750000,370000
2016-07-17 22:01:27.261000,1.10522,1.10510,750000,370000
2016-07-17 22:01:27.567000,1.10519,1.10509,750000,370000
2016-07-17 22:01:28.096000,1.10520,1.10510,750000,370000
2016-07-17 22:01:28.603000,1.10519,1.10510,750000,370000
2016-07-17 22:01:29.112000,1.10520,1.10510,750000,370000
2016-07-17 22:01:29.782000,1.10523,1.10510,1610000,370000
2016-07-17 22:01:29.987000,1.10520,1.10510,750000,1120000
2016-07-17 22:01:30.494000,1.10521,1.10510,750000,1870000
2016-07-17 22:01:31.017000,1.10520,1.10510,750000,1870000
2016-07-17 22:01:31.893000,1.10521,1.10510,750000,1120000
2016-07-17 22:01:31.995000,1.10523,1.10510,750000,2250000
2016-07-17 22:01:32.502000,1.10524,1.10510,750000,370000
2016-07-17 22:01:33.012000,1.10523,1.10510,750000,370000
2016-07-17 22:01:34.228000,1.10523,1.10509,750000,370000
2016-07-17 22:01:34.774000,1.10523,1.10510,750000,370000
2016-07-17 22:01:34.977000,1.10525,1.10510,2620000,1500000
2016-07-17 22:01:35.079000,1.10525,1.10512,750000,750000
2016-07-17 22:01:35.181000,1.10527,1.10512,750000,750000
2016-07-17 22:01:35.790000,1.10527,1.10514,750000,370000
2016-07-17 22:01:36.380000,1.10526,1.10514,750000,370000
2016-07-17 22:01:36.892000,1.10528,1.10514,750000,370000
2016-07-17 22:01:37.430000,1.10527,1.10514,750000,370000
2016-07-17 22:01:39.503000,1.10527,1.10512,750000,1120000
2016-07-17 22:01:39.604000,1.10527,1.10514,750000,370000
2016-07-17 22:01:40.190000,1.10530,1.10518,3000000,370000
2016-07-17 22:01:40.343000,1.10534,1.10519,1500000,370000
2016-07-17 22:01:40.849000,1.10533,1.10519,750000,370000
2016-07-17 22:01:42.222000,1.10534,1.10519,1500000,370000
2016-07-17 22:01:42.425000,1.10532,1.10519,750000,370000
2016-07-17 22:01:43.255000,1.10531,1.10519,750000,370000
2016-07-17 22:01:43.408000,1.10533,1.10519,1500000,370000
2016-07-17 22:01:43.813000,1.10531,1.10518,750000,750000
2016-07-17 22:01:44.320000,1.10532,1.10518,1500000,750000
2016-07-17 22:01:44.830000,1.10531,1.10518,750000,750000
2016-07-17 22:01:45.135000,1.10533,1.10519,600000,370000
2016-07-17 22:01:45.186000,1.10533,1.10522,600000,370000
2016-07-17 22:01:45.238000,1.10539,1.10522,750000,370000
2016-07-17 22:01:45.593000,1.10540,1.10528,1120000,750000
2016-07-17 22:01:45.932000,1.10545,1.10532,750000,370000
2016-07-17 22:01:45.983000,1.10542,1.10529,750000,1500000
2016-07-17 22:01:46.290000,1.10523,1.10520,1030000,370000
2016-07-17 22:01:46.341000,1.10532,1.10520,750000,370000
2016-07-17 22:01:46.392000,1.10535,1.10522,370000,750000
2016-07-17 22:01:46.494000,1.10536,1.10520,750000,3070000
2016-07-17 22:01:46.546000,1.10526,1.10522,150000,750000
2016-07-17 22:01:46.648000,1.10540,1.10529,750000,750000
2016-07-17 22:01:46.699000,1.10541,1.10531,370000,370000
2016-07-17 22:01:47.004000,1.10532,1.10522,300000,370000
2016-07-17 22:01:47.055000,1.10538,1.10522,790000,370000
2016-07-17 22:01:47.106000,1.10533,1.10520,750000,370000
2016-07-17 22:01:47.209000,1.10531,1.10520,750000,370000
2016-07-17 22:01:47.717000,1.10531,1.10521,750000,370000
2016-07-17 22:01:47.869000,1.10531,1.10519,750000,380000
2016-07-17 22:01:47.971000,1.10531,1.10523,750000,370000
2016-07-17 22:01:48.022000,1.10535,1.10523,370000,370000
2016-07-17 22:01:48.530000,1.10536,1.10522,410000,370000
2016-07-17 22:01:48.712000,1.10532,1.10522,750000,370000
2016-07-17 22:01:48.814000,1.10532,1.10520,750000,2620000
2016-07-17 22:01:49.311000,1.10534,1.10520,790000,1120000
2016-07-17 22:01:49.413000,1.10534,1.10523,790000,370000
2016-07-17 22:01:49.565000,1.10540,1.10524,790000,370000
2016-07-17 22:01:49.668000,1.10541,1.10525,790000,370000
2016-07-17 22:01:49.770000,1.10542,1.10526,790000,370000
2016-07-17 22:01:49.923000,1.10540,1.10526,750000,370000
2016-07-17 22:01:50.104000,1.10542,1.10526,1540000,370000
2016-07-17 22:01:50.257000,1.10542,1.10526,1540000,370000
2016-07-17 22:01:50.561000,1.10535,1.10526,370000,370000
2016-07-17 22:01:50.612000,1.10535,1.10524,1120000,750000
2016-07-17 22:01:50.816000,1.10532,1.10521,750000,750000
2016-07-17 22:01:51.334000,1.10532,1.10520,750000,370000
2016-07-17 22:01:52.399000,1.10530,1.10520,750000,370000
2016-07-17 22:01:52.703000,1.10527,1.10519,750000,370000
2016-07-17 22:01:53.293000,1.10526,1.10519,750000,370000
2016-07-17 22:01:53.394000,1.10526,1.10516,750000,1870000
2016-07-17 22:01:53.851000,1.10528,1.10519,750000,190000
2016-07-17 22:01:53.902000,1.10530,1.10521,750000,410000
2016-07-17 22:01:53.953000,1.10531,1.10521,750000,370000
2016-07-17 22:01:54.004000,1.10533,1.10522,1500000,370000
2016-07-17 22:01:54.055000,1.10535,1.10522,750000,370000
2016-07-17 22:01:54.613000,1.10534,1.10524,750000,370000
2016-07-17 22:01:54.714000,1.10537,1.10525,2100000,370000
2016-07-17 22:01:54.765000,1.10534,1.10525,2250000,370000
2016-07-17 22:01:54.816000,1.10534,1.10523,2250000,370000
2016-07-17 22:01:54.868000,1.10541,1.10525,1870000,1500000
2016-07-17 22:01:55.020000,1.10544,1.10528,750000,370000
2016-07-17 22:01:55.351000,1.10546,1.10530,750000,1120000
2016-07-17 22:01:56.079000,1.10545,1.10529,750000,1120000
2016-07-17 22:01:56.384000,1.10543,1.10527,1500000,1120000
2016-07-17 22:01:56.735000,1.10540,1.10527,750000,1120000
2016-07-17 22:01:56.887000,1.10539,1.10524,750000,370000
2016-07-17 22:01:57.344000,1.10537,1.10523,750000,370000
2016-07-17 22:01:58.056000,1.10536,1.10522,750000,1120000
2016-07-17 22:01:58.564000,1.10537,1.10523,750000,1120000
2016-07-17 22:01:58.877000,1.10542,1.10530,3000000,370000
2016-07-17 22:01:59.234000,1.10540,1.10529,5250000,370000
2016-07-17 22:01:59.541000,1.10538,1.10528,3000000,370000
2016-07-17 22:02:00.059000,1.10539,1.10528,750000,370000
2016-07-17 22:02:00.593000,1.10540,1.10528,750000,370000
2016-07-17 22:02:00.899000,1.10537,1.10529,750000,370000
2016-07-17 22:02:00.950000,1.10537,1.10526,750000,370000
2016-07-17 22:02:01.413000,1.10539,1.10527,750000,370000
2016-07-17 22:02:01.923000,1.10540,1.10526,1500000,370000
2016-07-17 22:02:02.097000,1.10538,1.10526,750000,370000
2016-07-17 22:02:02.402000,1.10540,1.10526,750000,370000
2016-07-17 22:02:02.504000,1.10542,1.10526,1500000,370000
2016-07-17 22:02:02.817000,1.10540,1.10526,750000,370000
2016-07-17 22:02:03.123000,1.10538,1.10526,3750000,370000
2016-07-17 22:02:03.327000,1.10540,1.10527,2250000,370000
2016-07-17 22:02:04.037000,1.10539,1.10527,750000,370000
2016-07-17 22:02:04.645000,1.10540,1.10528,750000,370000
2016-07-17 22:02:04.747000,1.10539,1.10530,750000,370000
2016-07-17 22:02:05.273000,1.10538,1.10530,3000000,370000
2016-07-17 22:02:05.730000,1.10538,1.10526,4500000,1500000
2016-07-17 22:02:05.832000,1.10538,1.10528,4500000,370000
2016-07-17 22:02:06.035000,1.10541,1.10529,3040000,370000
2016-07-17 22:02:06.086000,1.10538,1.10529,2250000,370000
2016-07-17 22:02:06.242000,1.10538,1.10527,2250000,370000
2016-07-17 22:02:06.293000,1.10541,1.10527,3040000,370000
2016-07-17 22:02:06.344000,1.10538,1.10526,750000,370000
2016-07-17 22:02:06.752000,1.10538,1.10523,1500000,370000
2016-07-17 22:02:06.853000,1.10540,1.10524,750000,370000
2016-07-17 22:02:06.904000,1.10537,1.10524,750000,370000
2016-07-17 22:02:07.006000,1.10541,1.10527,1540000,370000
2016-07-17 22:02:07.057000,1.10541,1.10525,1540000,370000
2016-07-17 22:02:07.159000,1.10538,1.10523,750000,1120000
2016-07-17 22:02:07.472000,1.10534,1.10523,750000,370000
2016-07-17 22:02:07.677000,1.10537,1.10522,1500000,370000
2016-07-17 22:02:07.830000,1.10540,1.10524,5620000,370000
2016-07-17 22:02:07.881000,1.10535,1.10524,2250000,370000
2016-07-17 22:02:08.185000,1.10533,1.10523,750000,370000
2016-07-17 22:02:08.337000,1.10535,1.10524,750000,370000
2016-07-17 22:02:08.439000,1.10532,1.10523,750000,370000
2016-07-17 22:02:08.909000,1.10534,1.10522,750000,370000
2016-07-17 22:02:09.011000,1.10532,1.10522,2250000,370000
2016-07-17 22:02:09.684000,1.10533,1.10522,750000,370000
2016-07-17 22:02:10.039000,1.10530,1.10520,750000,750000
2016-07-17 22:02:10.548000,1.10531,1.10520,2250000,370000
2016-07-17 22:02:10.953000,1.10529,1.10519,750000,600000
2016-07-17 22:02:11.460000,1.10529,1.10520,750000,370000
2016-07-17 22:02:12.946000,1.10529,1.10519,3750000,970000
2016-07-17 22:02:13.335000,1.10531,1.10519,790000,150000
2016-07-17 22:02:13.840000,1.10530,1.10519,750000,600000
2016-07-17 22:02:17.171000,1.10532,1.10519,750000,600000
2016-07-17 22:02:17.272000,1.10536,1.10520,1870000,370000
2016-07-17 22:02:17.375000,1.10536,1.10520,1500000,370000
2016-07-17 22:02:17.476000,1.10539,1.10523,2250000,370000
2016-07-17 22:02:19.736000,1.10541,1.10525,750000,370000
2016-07-17 22:02:20.244000,1.10542,1.10526,750000,370000
2016-07-17 22:02:22.860000,1.10542,1.10524,750000,370000
2016-07-17 22:02:23.574000,1.10543,1.10527,750000,370000
2016-07-17 22:02:25.074000,1.10528,1.10527,750000,370000
2016-07-17 22:02:25.176000,1.10522,1.10521,750000,750000
2016-07-17 22:02:25.228000,1.10519,1.10518,750000,380000
2016-07-17 22:02:25.380000,1.10522,1.10515,3000000,380000
2016-07-17 22:02:25.431000,1.10520,1.10515,750000,380000
2016-07-17 22:02:25.570000,1.10522,1.10515,1500000,380000
2016-07-17 22:02:25.672000,1.10520,1.10515,750000,380000
2016-07-17 22:02:25.876000,1.10522,1.10515,3000000,370000
2016-07-17 22:02:25.977000,1.10522,1.10514,3000000,380000
2016-07-17 22:02:26.282000,1.10518,1.10515,750000,370000
2016-07-17 22:02:26.384000,1.10522,1.10515,3000000,370000
2016-07-17 22:02:26.486000,1.10522,1.10515,2250000,380000
2016-07-17 22:02:26.818000,1.10522,1.10515,3000000,370000
2016-07-17 22:02:26.870000,1.10522,1.10515,3000000,380000
2016-07-17 22:02:27.225000,1.10517,1.10515,750000,380000
2016-07-17 22:02:27.276000,1.10517,1.10515,750000,370000
2016-07-17 22:02:27.328000,1.10522,1.10515,3000000,370000
2016-07-17 22:02:27.396000,1.10521,1.10516,750000,380000
2016-07-17 22:02:27.549000,1.10529,1.10516,750000,380000
2016-07-17 22:02:27.687000,1.10520,1.10514,750000,380000
2016-07-17 22:02:27.992000,1.10519,1.10515,750000,370000
2016-07-17 22:02:28.245000,1.10522,1.10515,3750000,370000
2016-07-17 22:02:28.347000,1.10519,1.10515,750000,370000
2016-07-17 22:02:28.449000,1.10522,1.10515,3750000,370000
2016-07-17 22:02:28.653000,1.10519,1.10515,750000,370000
2016-07-17 22:02:29.269000,1.10519,1.10510,750000,3750000
2016-07-17 22:02:30.084000,1.10519,1.10510,750000,370000
2016-07-17 22:02:30.586000,1.10519,1.10510,750000,370000
2016-07-17 22:02:30.970000,1.10519,1.10510,750000,370000
2016-07-17 22:02:31.071000,1.10519,1.10510,750000,370000
2016-07-17 22:02:31.578000,1.10519,1.10510,750000,370000
2016-07-17 22:02:31.986000,1.10521,1.10510,3370000,370000
2016-07-17 22:02:32.436000,1.10521,1.10513,2620000,750000
2016-07-17 22:02:32.538000,1.10521,1.10510,750000,2620000
2016-07-17 22:02:33.046000,1.10519,1.10510,750000,450000
2016-07-17 22:02:33.483000,1.10521,1.10510,1500000,1120000
2016-07-17 22:02:33.991000,1.10520,1.10509,750000,6300000
2016-07-17 22:02:34.588000,1.10519,1.10510,750000,370000
2016-07-17 22:02:35.058000,1.10521,1.10512,3000000,750000
2016-07-17 22:02:35.160000,1.10520,1.10509,750000,5920000
2016-07-17 22:02:35.702000,1.10520,1.10510,750000,370000
2016-07-17 22:02:35.956000,1.10518,1.10509,370000,100000
2016-07-17 22:02:36.465000,1.10518,1.10510,750000,370000
2016-07-17 22:02:37.789000,1.10516,1.10510,750000,370000
2016-07-17 22:02:37.992000,1.10518,1.10510,370000,370000
2016-07-17 22:02:38.603000,1.10517,1.10510,750000,370000
2016-07-17 22:02:39.460000,1.10518,1.10510,1880000,370000
2016-07-17 22:02:40.059000,1.10516,1.10510,750000,370000
2016-07-17 22:02:40.596000,1.10517,1.10510,750000,370000
2016-07-17 22:02:41.964000,1.10518,1.10510,750000,370000
2016-07-17 22:02:42.269000,1.10520,1.10510,3370000,560000
2016-07-17 22:02:42.775000,1.10520,1.10511,1120000,750000
2016-07-17 22:02:43.282000,1.10520,1.10510,3750000,560000
2016-07-17 22:02:44.254000,1.10520,1.10510,2630000,560000
2016-07-17 22:02:44.457000,1.10518,1.10510,750000,560000
2016-07-17 22:02:44.559000,1.10518,1.10508,750000,260000
2016-07-17 22:02:45.270000,1.10519,1.10508,1580000,190000
2016-07-17 22:02:45.777000,1.10519,1.10509,750000,100000
2016-07-17 22:02:46.283000,1.10518,1.10509,750000,100000
2016-07-17 22:02:47.966000,1.10519,1.10509,750000,100000
2016-07-17 22:02:48.382000,1.10519,1.10512,750000,750000
2016-07-17 22:02:48.483000,1.10519,1.10510,750000,190000
2016-07-17 22:02:49.145000,1.10520,1.10510,2250000,190000
2016-07-17 22:02:49.677000,1.10519,1.10510,750000,190000
2016-07-17 22:03:05.977000,1.10519,1.10509,1500000,190000
2016-07-17 22:03:06.028000,1.10517,1.10509,750000,190000
2016-07-17 22:03:06.578000,1.10518,1.10509,1500000,190000
2016-07-17 22:03:07.095000,1.10519,1.10509,830000,190000
2016-07-17 22:03:07.550000,1.10519,1.10511,830000,750000
2016-07-17 22:03:08.108000,1.10519,1.10510,750000,940000
2016-07-17 22:03:09.147000,1.10518,1.10510,750000,940000
2016-07-17 22:03:09.687000,1.10519,1.10509,750000,190000
2016-07-17 22:03:11.545000,1.10520,1.10509,2250000,940000
2016-07-17 22:03:12.062000,1.10519,1.10509,750000,940000
2016-07-17 22:03:12.849000,1.10518,1.10509,750000,940000
2016-07-17 22:03:14.762000,1.10519,1.10509,750000,190000
2016-07-17 22:03:15.186000,1.10519,1.10511,1130000,1500000
2016-07-17 22:03:15.547000,1.10519,1.10509,750000,260000
2016-07-17 22:03:15.699000,1.10520,1.10514,750000,100000
2016-07-17 22:03:16.158000,1.10519,1.10509,1500000,260000
2016-07-17 22:03:16.260000,1.10516,1.10509,750000,100000
2016-07-17 22:03:16.363000,1.10519,1.10509,750000,260000
2016-07-17 22:03:16.465000,1.10520,1.10513,1500000,100000
2016-07-17 22:03:16.618000,1.10520,1.10509,380000,1010000
2016-07-17 22:03:16.822000,1.10520,1.10513,1500000,100000
2016-07-17 22:03:17.025000,1.10522,1.10515,3750000,750000
2016-07-17 22:03:17.076000,1.10523,1.10515,740000,1500000
2016-07-17 22:03:17.303000,1.10521,1.10510,2250000,940000
2016-07-17 22:03:17.591000,1.10523,1.10512,3000000,750000
2016-07-17 22:03:17.694000,1.10521,1.10510,1500000,750000
2016-07-17 22:03:17.745000,1.10517,1.10510,750000,750000
2016-07-17 22:03:17.948000,1.10520,1.10510,3380000,750000
2016-07-17 22:03:18.252000,1.10522,1.10512,750000,1500000
2016-07-17 22:03:18.506000,1.10519,1.10510,750000,1500000
2016-07-17 22:03:19.250000,1.10515,1.10510,750000,1690000
2016-07-17 22:03:19.554000,1.10520,1.10510,370000,750000
2016-07-17 22:03:20.060000,1.10519,1.10510,750000,750000
2016-07-17 22:03:20.588000,1.10518,1.10510,750000,2440000
2016-07-17 22:03:21.044000,1.10520,1.10510,1120000,1690000
2016-07-17 22:03:21.558000,1.10522,1.10511,7870000,750000
2016-07-17 22:03:22.074000,1.10520,1.10510,1200000,1690000
2016-07-17 22:03:23.181000,1.10520,1.10511,520000,750000
2016-07-17 22:03:23.890000,1.10520,1.10509,520000,940000
2016-07-17 22:03:25.763000,1.10520,1.10510,520000,940000
2016-07-17 22:03:26.270000,1.10520,1.10511,150000,2250000
2016-07-17 22:03:27.428000,1.10520,1.10509,4650000,100000
2016-07-17 22:03:27.937000,1.10519,1.10510,370000,190000
2016-07-17 22:03:28.443000,1.10519,1.10509,370000,190000
2016-07-17 22:03:28.850000,1.10521,1.10520,2020000,370000
2016-07-17 22:03:29.003000,1.10523,1.10520,360000,2060000
2016-07-17 22:03:29.104000,1.10524,1.10523,750000,190000
2016-07-17 22:03:29.206000,1.10535,1.10527,600000,190000
2016-07-17 22:03:29.308000,1.10535,1.10524,600000,260000
2016-07-17 22:03:29.839000,1.10535,1.10525,900000,100000
2016-07-17 22:03:30.707000,1.10535,1.10526,600000,750000
2016-07-17 22:03:30.810000,1.10535,1.10521,150000,750000
2016-07-17 22:03:31.268000,1.10538,1.10522,1500000,750000
2016-07-17 22:03:32.031000,1.10538,1.10524,750000,750000
2016-07-17 22:03:32.560000,1.10539,1.10523,2250000,750000
2016-07-17 22:03:33.067000,1.10538,1.10524,750000,750000
2016-07-17 22:03:33.596000,1.10538,1.10525,750000,1500000
2016-07-17 22:03:34.103000,1.10538,1.10524,750000,750000
2016-07-17 22:03:34.969000,1.10539,1.10524,1500000,750000
2016-07-17 22:03:36.681000,1.10538,1.10524,750000,750000
2016-07-17 22:03:37.900000,1.10538,1.10523,750000,2100000
2016-07-17 22:03:38.483000,1.10538,1.10524,750000,750000
2016-07-17 22:03:39.430000,1.10538,1.10523,750000,2100000
2016-07-17 22:03:39.936000,1.10537,1.10524,750000,750000
2016-07-17 22:03:40.890000,1.10538,1.10524,750000,750000
2016-07-17 22:03:41.396000,1.10537,1.10523,750000,1500000
2016-07-17 22:03:41.516000,1.10539,1.10524,1500000,750000
2016-07-17 22:03:42.062000,1.10538,1.10523,750000,2250000
2016-07-17 22:03:42.599000,1.10539,1.10524,1500000,750000
2016-07-17 22:03:43.192000,1.10538,1.10524,750000,750000
2016-07-17 22:03:43.701000,1.10539,1.10524,1500000,750000
2016-07-17 22:03:44.210000,1.10539,1.10523,1500000,1500000
2016-07-17 22:03:44.717000,1.10538,1.10524,750000,750000
2016-07-17 22:03:45.258000,1.10539,1.10524,1500000,750000
2016-07-17 22:03:45.765000,1.10539,1.10523,1500000,1500000
2016-07-17 22:03:46.300000,1.10538,1.10523,750000,750000
2016-07-17 22:03:46.806000,1.10539,1.10523,1500000,750000
2016-07-17 22:03:47.330000,1.10538,1.10523,750000,750000
2016-07-17 22:03:47.855000,1.10538,1.10522,750000,2250000
2016-07-17 22:03:48.255000,1.10536,1.10522,750000,1500000
2016-07-17 22:03:48.559000,1.10538,1.10523,750000,750000
2016-07-17 22:03:49.091000,1.10538,1.10522,750000,1500000
2016-07-17 22:03:49.295000,1.10535,1.10521,750000,820000
2016-07-17 22:03:49.703000,1.10537,1.10522,750000,750000
2016-07-17 22:03:50.247000,1.10536,1.10522,750000,750000
2016-07-17 22:03:50.603000,1.10538,1.10522,1500000,750000
2016-07-17 22:03:50.705000,1.10536,1.10521,750000,820000
2016-07-17 22:03:51.212000,1.10536,1.10522,750000,750000
2016-07-17 22:03:51.263000,1.10536,1.10520,1500000,2320000
2016-07-17 22:03:51.794000,1.10535,1.10520,750000,1570000
2016-07-17 22:03:52.758000,1.10535,1.10521,750000,100000
2016-07-17 22:03:52.989000,1.10533,1.10520,750000,1500000
2016-07-17 22:03:53.344000,1.10534,1.10518,750000,1570000
2016-07-17 22:03:53.648000,1.10535,1.10520,450000,100000
2016-07-17 22:03:54.611000,1.10536,1.10520,750000,2320000
2016-07-17 22:03:55.270000,1.10533,1.10520,750000,1570000
2016-07-17 22:03:55.793000,1.10533,1.10519,750000,820000
2016-07-17 22:03:56.047000,1.10536,1.10520,1120000,2250000
2016-07-17 22:03:56.199000,1.10530,1.10519,450000,2320000
2016-07-17 22:03:56.403000,1.10535,1.10520,2250000,2250000
2016-07-17 22:03:56.505000,1.10533,1.10519,450000,100000
2016-07-17 22:03:56.624000,1.10536,1.10520,750000,750000
2016-07-17 22:03:57.081000,1.10530,1.10520,450000,1350000
2016-07-17 22:03:57.183000,1.10535,1.10520,370000,750000
2016-07-17 22:03:57.817000,1.10534,1.10520,750000,1570000
2016-07-17 22:03:58.326000,1.10535,1.10520,1120000,1570000
2016-07-17 22:03:58.936000,1.10535,1.10521,1120000,100000
2016-07-17 22:04:00.133000,1.10536,1.10521,1870000,100000
2016-07-17 22:04:00.671000,1.10535,1.10521,370000,1570000
2016-07-17 22:04:00.976000,1.10537,1.10522,750000,1500000
2016-07-17 22:04:01.027000,1.10535,1.10522,750000,750000
2016-07-17 22:04:01.128000,1.10537,1.10521,750000,1570000
2016-07-17 22:04:01.650000,1.10537,1.10522,750000,750000
2016-07-17 22:04:01.954000,1.10534,1.10521,750000,820000
2016-07-17 22:04:02.055000,1.10537,1.10521,1500000,1570000
2016-07-17 22:04:02.571000,1.10537,1.10523,750000,750000
2016-07-17 22:04:02.725000,1.10537,1.10521,1500000,750000
2016-07-17 22:04:03.038000,1.10536,1.10526,750000,750000
2016-07-17 22:04:03.089000,1.10538,1.10526,750000,750000
2016-07-17 22:04:03.191000,1.10540,1.10526,820000,1500000
2016-07-17 22:04:03.698000,1.10539,1.10526,100000,1500000
2016-07-17 22:04:04.058000,1.10537,1.10526,1000000,1500000
2016-07-17 22:04:04.364000,1.10530,1.10520,1200000,1070000
2016-07-17 22:04:04.415000,1.10532,1.10520,1000000,1070000
2016-07-17 22:04:04.466000,1.10534,1.10520,3000000,1070000
2016-07-17 22:04:04.620000,1.10530,1.10519,1200000,1870000
2016-07-17 22:04:04.724000,1.10532,1.10519,1000000,1120000
2016-07-17 22:04:04.927000,1.10530,1.10519,1200000,1870000
2016-07-17 22:04:05.232000,1.10534,1.10521,1000000,1570000
2016-07-17 22:04:05.283000,1.10537,1.10521,1870000,1570000
2016-07-17 22:04:05.790000,1.10536,1.10521,1000000,1100000
2016-07-17 22:04:06.297000,1.10537,1.10522,1000000,1000000
2016-07-17 22:04:06.905000,1.10538,1.10521,1500000,1100000
2016-07-17 22:04:07.421000,1.10537,1.10522,1000000,1000000
2016-07-17 22:04:07.997000,1.10538,1.10521,1500000,1100000
2016-07-17 22:04:08.301000,1.10537,1.10523,1000000,1000000
2016-07-17 22:04:10.308000,1.10538,1.10523,1000000,1000000
2016-07-17 22:04:10.773000,1.10539,1.10521,1570000,3670000
2016-07-17 22:04:11.297000,1.10538,1.10522,1000000,1500000
2016-07-17 22:04:11.905000,1.10539,1.10522,1570000,1000000
2016-07-17 22:04:12.530000,1.10538,1.10522,1000000,1500000
2016-07-17 22:04:13.703000,1.10538,1.10523,1000000,1000000
2016-07-17 22:04:14.210000,1.10538,1.10522,1000000,1500000
2016-07-17 22:04:14.781000,1.10538,1.10524,1000000,1000000
2016-07-17 22:04:14.883000,1.10538,1.10522,1000000,1500000
2016-07-17 22:04:15.389000,1.10538,1.10523,1000000,1500000
2016-07-17 22:04:15.898000,1.10538,1.10522,1000000,2250000
2016-07-17 22:04:16.432000,1.10538,1.10523,1000000,1350000
2016-07-17 22:04:16.787000,1.10536,1.10523,1000000,1350000
2016-07-17 22:04:16.838000,1.10536,1.10521,1000000,2250000
2016-07-17 22:04:17.345000,1.10537,1.10521,1000000,2250000
2016-07-17 22:04:18.025000,1.10539,1.10523,1570000,1000000
2016-07-17 22:04:18.532000,1.10540,1.10524,3070000,1000000
2016-07-17 22:04:19.242000,1.10538,1.10523,1000000,1000000
2016-07-17 22:04:19.826000,1.10540,1.10523,3070000,2250000
