time,ask,bid,ask_volume,bid_volume
2016-03-13 21:00:17.486000,1.11406,1.11355,1500000,750000
2016-03-13 21:00:18.657000,1.11400,1.11355,750000,370000
2016-03-13 21:00:18.709000,1.11400,1.11349,1500000,750000
2016-03-13 21:00:19.192000,1.11405,1.11354,1500000,750000
2016-03-13 21:00:22.365000,1.11391,1.11354,750000,370000
2016-03-13 21:00:22.416000,1.11390,1.11339,750000,370000
2016-03-13 21:00:22.474000,1.11390,1.11355,750000,370000
2016-03-13 21:00:22.526000,1.11406,1.11355,1500000,750000
2016-03-13 21:00:22.577000,1.11390,1.11339,1500000,750000
2016-03-13 21:00:23.006000,1.11406,1.11355,1500000,750000
2016-03-13 21:00:26.971000,1.11406,1.11357,750000,370000
2016-03-13 21:00:27.022000,1.11409,1.11358,750000,370000
2016-03-13 21:00:34.499000,1.11394,1.11358,750000,1120000
2016-03-13 21:00:36.087000,1.11394,1.11360,750000,750000
2016-03-13 21:00:36.193000,1.11396,1.11360,750000,750000
2016-03-13 21:00:39.028000,1.11408,1.11361,1500000,750000
2016-03-13 21:00:39.137000,1.11445,1.11361,750000,750000
2016-03-13 21:00:39.189000,1.11445,1.11401,750000,370000
2016-03-13 21:00:39.291000,1.11451,1.11402,750000,370000
2016-03-13 21:00:39.617000,1.11397,1.11361,750000,750000
2016-03-13 21:00:42.692000,1.11446,1.11402,750000,750000
2016-03-13 21:00:48.606000,1.11405,1.11400,750000,750000
2016-03-13 21:00:48.717000,1.11397,1.11361,750000,750000
2016-03-13 21:00:49.301000,1.11406,1.11363,750000,750000
2016-03-13 21:00:49.353000,1.11447,1.11363,750000,750000
2016-03-13 21:00:49.478000,1.11398,1.11362,750000,750000
2016-03-13 21:00:50.144000,1.11399,1.11381,750000,750000
2016-03-13 21:00:58.499000,1.11398,1.11363,750000,370000
2016-03-13 21:00:58.608000,1.11399,1.11381,750000,750000
2016-03-13 21:01:00.291000,1.11414,1.11385,1500000,750000
2016-03-13 21:01:00.342000,1.11445,1.11385,750000,750000
2016-03-13 21:01:01.017000,1.11444,1.11384,750000,750000
2016-03-13 21:01:10.157000,1.11445,1.11402,1500000,750000
2016-03-13 21:01:10.707000,1.11446,1.11402,750000,750000
2016-03-13 21:01:15.133000,1.11437,1.11402,750000,750000
2016-03-13 21:01:15.563000,1.11426,1.11402,750000,750000
2016-03-13 21:01:22.271000,1.11426,1.11415,750000,750000
2016-03-13 21:01:22.392000,1.11447,1.11431,750000,750000
2016-03-13 21:01:22.494000,1.11449,1.11431,750000,750000
2016-03-13 21:01:25.947000,1.11447,1.11431,750000,750000
2016-03-13 21:01:26.048000,1.11427,1.11403,750000,750000
2016-03-13 21:01:26.149000,1.11436,1.11424,750000,750000
2016-03-13 21:01:26.257000,1.11427,1.11403,750000,750000
2016-03-13 21:02:26.255000,1.11432,1.11399,1500000,370000
2016-03-13 21:02:27.065000,1.11432,1.11403,1500000,750000
2016-03-13 21:02:27.321000,1.11447,1.11403,750000,750000
2016-03-13 21:02:48.055000,1.11447,1.11405,750000,370000
2016-03-13 21:02:48.416000,1.11447,1.11410,750000,370000
2016-03-13 21:03:03.940000,1.11447,1.11403,750000,750000
2016-03-13 21:03:34.144000,1.11448,1.11398,1500000,1500000
2016-03-13 21:03:34.195000,1.11406,1.11398,370000,1500000
2016-03-13 21:03:34.347000,1.11398,1.11385,1500000,370000
2016-03-13 21:03:34.461000,1.11398,1.11370,1500000,370000
2016-03-13 21:03:34.512000,1.11398,1.11360,1500000,370000
2016-03-13 21:03:36.557000,1.11402,1.11360,1500000,370000
2016-03-13 21:03:36.609000,1.11399,1.11360,750000,370000
2016-03-13 21:03:36.760000,1.11402,1.11360,1500000,370000
2016-03-13 21:03:36.811000,1.11402,1.11365,1500000,370000
2016-03-13 21:03:36.861000,1.11438,1.11365,2250000,370000
2016-03-13 21:03:36.912000,1.11438,1.11370,2250000,370000
2016-03-13 21:03:44.253000,1.11447,1.11381,1500000,3000000
2016-03-13 21:03:44.574000,1.11445,1.11395,750000,370000
2016-03-13 21:03:50.127000,1.11446,1.11398,750000,370000
2016-03-13 21:03:50.451000,1.11448,1.11410,750000,370000
2016-03-13 21:03:56.434000,1.11448,1.11404,750000,750000
2016-03-13 21:04:06.081000,1.11446,1.11404,1500000,1000000
2016-03-13 21:04:06.132000,1.11446,1.11398,2250000,1500000
2016-03-13 21:04:06.333000,1.11446,1.11386,2250000,1500000
2016-03-13 21:04:21.421000,1.11447,1.11400,1500000,750000
2016-03-13 21:04:22.054000,1.11446,1.11400,1000000,1000000
2016-03-13 21:04:33.060000,1.11446,1.11404,1000000,1000000
2016-03-13 21:04:35.233000,1.11444,1.11404,1190000,1000000
2016-03-13 21:04:35.694000,1.11428,1.11404,1000000,1000000
2016-03-13 21:04:49.124000,1.11432,1.11403,3000000,1000000
2016-03-13 21:04:49.276000,1.11432,1.11398,3000000,2250000
2016-03-13 21:04:49.886000,1.11432,1.11397,1000000,1000000
2016-03-13 21:05:19.836000,1.11424,1.11397,1000000,1000000
2016-03-13 21:05:20.139000,1.11415,1.11397,2250000,1500000
2016-03-13 21:05:35.803000,1.11415,1.11391,1500000,1500000
2016-03-13 21:05:35.904000,1.11416,1.11373,1000000,1000000
2016-03-13 21:05:35.955000,1.11416,1.11367,1000000,2250000
2016-03-13 21:05:39.546000,1.11416,1.11365,3000000,2250000
2016-03-13 21:05:40.071000,1.11416,1.11364,3000000,2250000
2016-03-13 21:05:51.370000,1.11416,1.11362,3000000,1500000
2016-03-13 21:06:01.322000,1.11405,1.11362,1000000,3750000
2016-03-13 21:06:04.931000,1.11403,1.11362,1500000,1500000
2016-03-13 21:06:05.234000,1.11403,1.11364,2250000,2250000
2016-03-13 21:06:07.209000,1.11403,1.11362,3000000,1500000
2016-03-13 21:06:10.870000,1.11398,1.11362,1000000,1500000
2016-03-13 21:06:13.825000,1.11402,1.11362,1500000,1500000
2016-03-13 21:06:13.877000,1.11405,1.11362,1000000,1500000
2016-03-13 21:06:13.928000,1.11407,1.11362,1000000,1500000
2016-03-13 21:06:14.029000,1.11416,1.11362,1000000,1500000
2016-03-13 21:07:09.273000,1.11415,1.11365,1500000,1500000
2016-03-13 21:11:38.735000,1.11415,1.11378,1500000,1000000
2016-03-13 21:12:27.526000,1.11415,1.11378,2250000,1500000
2016-03-13 21:13:22.536000,1.11415,1.11378,2250000,2250000
2016-03-13 21:13:34.525000,1.11415,1.11378,2250000,2250000
2016-03-13 21:15:35.919000,1.11405,1.11375,1000000,3820000
2016-03-13 21:15:35.970000,1.11405,1.11375,1750000,3750000
2016-03-13 21:15:36.225000,1.11412,1.11375,2250000,3750000
2016-03-13 21:15:52.193000,1.11415,1.11385,5250000,1000000
2016-03-13 21:15:52.763000,1.11414,1.11394,1750000,1000000
2016-03-13 21:16:04.564000,1.11414,1.11394,1500000,1000000
2016-03-13 21:16:04.817000,1.11415,1.11394,6000000,1000000
2016-03-13 21:16:04.918000,1.11418,1.11394,1750000,1000000
2016-03-13 21:16:05.735000,1.11418,1.11394,1750000,1500000
2016-03-13 21:16:21.024000,1.11418,1.11394,1750000,1500000
2016-03-13 21:16:25.861000,1.11418,1.11394,1750000,1000000
2016-03-13 21:16:28.503000,1.11418,1.11394,1750000,1000000
2016-03-13 21:16:31.351000,1.11418,1.11394,2250000,1500000
2016-03-13 21:16:40.716000,1.11418,1.11395,1500000,1000000
2016-03-13 21:16:41.625000,1.11416,1.11394,1120000,1000000
2016-03-13 21:16:41.676000,1.11416,1.11394,1750000,1000000
2016-03-13 21:16:41.727000,1.11416,1.11388,1750000,1500000
2016-03-13 21:16:41.778000,1.11415,1.11388,3750000,1500000
2016-03-13 21:16:41.880000,1.11415,1.11378,3750000,2250000
2016-03-13 21:16:48.489000,1.11410,1.11378,3750000,2250000
2016-03-13 21:16:48.541000,1.11405,1.11375,1370000,3000000
2016-03-13 21:16:49.079000,1.11405,1.11374,1370000,2250000
2016-03-13 21:16:51.693000,1.11405,1.11374,1000000,2250000
2016-03-13 21:16:51.744000,1.11412,1.11374,2250000,2250000
2016-03-13 21:17:04.040000,1.11406,1.11374,1750000,2250000
2016-03-13 21:17:08.952000,1.11403,1.11374,3750000,2250000
2016-03-13 21:17:09.003000,1.11395,1.11367,1100000,2620000
2016-03-13 21:17:11.619000,1.11402,1.11367,2250000,2620000
2016-03-13 21:17:11.772000,1.11408,1.11371,1070000,2250000
2016-03-13 21:17:32.829000,1.11407,1.11371,3750000,2250000
2016-03-13 21:17:33.379000,1.11406,1.11369,1750000,2320000
2016-03-13 21:17:35.676000,1.11404,1.11369,3750000,1570000
2016-03-13 21:17:36.149000,1.11395,1.11367,1070000,2620000
2016-03-13 21:17:39.005000,1.11393,1.11367,1000000,2620000
2016-03-13 21:17:39.107000,1.11393,1.11367,1070000,2320000
2016-03-13 21:17:47.552000,1.11393,1.11364,1370000,3000000
2016-03-13 21:17:47.865000,1.11393,1.11362,2250000,3000000
2016-03-13 21:17:47.916000,1.11393,1.11362,2250000,3000000
2016-03-13 21:17:50.978000,1.11395,1.11365,750000,4500000
2016-03-13 21:17:51.029000,1.11397,1.11367,1500000,1370000
2016-03-13 21:17:51.130000,1.11405,1.11368,1000000,2620000
2016-03-13 21:17:51.181000,1.11412,1.11368,3000000,2620000
2016-03-13 21:20:10.450000,1.11415,1.11372,2250000,1500000
2016-03-13 21:20:25.758000,1.11415,1.11371,2250000,1500000
2016-03-13 21:20:27.761000,1.11415,1.11372,2250000,1500000
2016-03-13 21:20:31.767000,1.11415,1.11371,2250000,1500000
2016-03-13 21:20:33.918000,1.11415,1.11372,2250000,1500000
2016-03-13 21:20:36.700000,1.11415,1.11371,2250000,1500000
2016-03-13 21:20:37.906000,1.11415,1.11372,2250000,1500000
2016-03-13 21:20:39.786000,1.11415,1.11371,2250000,1500000
2016-03-13 21:20:41.783000,1.11415,1.11372,2250000,1500000
2016-03-13 21:20:45.794000,1.11415,1.11371,2250000,1500000
2016-03-13 21:20:47.798000,1.11415,1.11372,2250000,1500000
2016-03-13 21:20:55.812000,1.11415,1.11371,2250000,1500000
2016-03-13 21:20:56.732000,1.11415,1.11372,2250000,1500000
2016-03-13 21:21:22.950000,1.11415,1.11371,2250000,1500000
2016-03-13 21:21:23.304000,1.11415,1.11373,2250000,1500000
2016-03-13 21:21:58.734000,1.11415,1.11372,2250000,1500000
2016-03-13 21:22:00.755000,1.11415,1.11373,2250000,1500000
2016-03-13 21:22:04.747000,1.11415,1.11372,2250000,1500000
2016-03-13 21:22:06.749000,1.11415,1.11373,2250000,1500000
2016-03-13 21:22:18.359000,1.11381,1.11373,1000000,1500000
2016-03-13 21:22:18.461000,1.11382,1.11371,1500000,1500000
2016-03-13 21:22:18.562000,1.11399,1.11371,1000000,1120000
2016-03-13 21:22:18.664000,1.11416,1.11376,2250000,1500000
2016-03-13 21:22:20.725000,1.11416,1.11376,2250000,1870000
2016-03-13 21:26:26.199000,1.11415,1.11377,3750000,1500000
2016-03-13 21:26:32.102000,1.11415,1.11376,3750000,1500000
2016-03-13 21:26:32.926000,1.11415,1.11377,3750000,1500000
2016-03-13 21:26:40.798000,1.11415,1.11376,3750000,1500000
2016-03-13 21:26:42.800000,1.11415,1.11377,3750000,1500000
2016-03-13 21:26:45.136000,1.11415,1.11380,3750000,3000000
2016-03-13 21:27:26.482000,1.11415,1.11379,2250000,1500000
2016-03-13 21:27:28.527000,1.11415,1.11378,2250000,1500000
2016-03-13 21:27:30.530000,1.11415,1.11379,2250000,1500000
2016-03-13 21:27:44.049000,1.11415,1.11378,2250000,1500000
2016-03-13 21:27:52.619000,1.11415,1.11381,2250000,2250000
2016-03-13 21:27:52.771000,1.11416,1.11381,1000000,2250000
2016-03-13 21:27:53.220000,1.11423,1.11382,1870000,2250000
2016-03-13 21:28:16.654000,1.11423,1.11381,1370000,1500000
2016-03-13 21:28:17.155000,1.11423,1.11382,1870000,1500000
2016-03-13 21:28:27.171000,1.11423,1.11381,1870000,1500000
2016-03-13 21:28:29.174000,1.11423,1.11382,2620000,1500000
2016-03-13 21:28:29.927000,1.11423,1.11381,2620000,2250000
2016-03-13 21:28:34.183000,1.11423,1.11382,2620000,2250000
2016-03-13 21:28:36.186000,1.11423,1.11381,1870000,2250000
2016-03-13 21:28:36.687000,1.11423,1.11382,2620000,2250000
2016-03-13 21:28:37.633000,1.11423,1.11381,1870000,2250000
2016-03-13 21:28:38.189000,1.11423,1.11382,2620000,2250000
2016-03-13 21:28:50.207000,1.11424,1.11381,1370000,2250000
2016-03-13 21:28:50.753000,1.11423,1.11382,1370000,2250000
2016-03-13 21:28:56.721000,1.11425,1.11383,3750000,1500000
2016-03-13 21:29:19.951000,1.11425,1.11381,2250000,2250000
2016-03-13 21:29:20.478000,1.11425,1.11382,3000000,2250000
2016-03-13 21:29:21.154000,1.11425,1.11381,2250000,2250000
2016-03-13 21:29:21.906000,1.11425,1.11382,3000000,2250000
2016-03-13 21:29:26.212000,1.11425,1.11381,2250000,2250000
2016-03-13 21:29:28.215000,1.11425,1.11382,3000000,2250000
2016-03-13 21:29:35.475000,1.11425,1.11381,2250000,2250000
2016-03-13 21:29:36.704000,1.11425,1.11382,3000000,2250000
2016-03-13 21:29:43.386000,1.11425,1.11381,2250000,2250000
2016-03-13 21:29:43.914000,1.11425,1.11382,2250000,2250000
2016-03-13 21:29:45.540000,1.11425,1.11381,2250000,2250000
2016-03-13 21:29:46.240000,1.11425,1.11382,3000000,2250000
2016-03-13 21:29:48.244000,1.11425,1.11381,2250000,2250000
2016-03-13 21:29:49.546000,1.11425,1.11382,3000000,2250000
2016-03-13 21:29:59.562000,1.11425,1.11381,3000000,2250000
2016-03-13 21:30:01.523000,1.11425,1.11382,3750000,2250000
2016-03-13 21:30:03.570000,1.11425,1.11381,3000000,2250000
2016-03-13 21:30:04.171000,1.11425,1.11382,3750000,2250000
2016-03-13 21:30:05.528000,1.11425,1.11381,3000000,2250000
2016-03-13 21:30:06.376000,1.11425,1.11382,3750000,2250000
2016-03-13 21:30:09.683000,1.11425,1.11381,3000000,1500000
2016-03-13 21:30:10.233000,1.11425,1.11382,3750000,1500000
2016-03-13 21:30:21.498000,1.11425,1.11381,3000000,1500000
2016-03-13 21:30:23.500000,1.11425,1.11382,3750000,1500000
2016-03-13 21:30:36.519000,1.11425,1.11381,2250000,1500000
2016-03-13 21:30:37.062000,1.11425,1.11382,3750000,1500000
2016-03-13 21:30:43.532000,1.11425,1.11381,3000000,1500000
2016-03-13 21:30:44.173000,1.11425,1.11382,3750000,1500000
2016-03-13 21:30:48.012000,1.11425,1.11381,3000000,1500000
2016-03-13 21:30:48.543000,1.11425,1.11382,3750000,1500000
2016-03-13 21:30:53.636000,1.11428,1.11381,3000000,1500000
2016-03-13 21:30:54.225000,1.11428,1.11382,5250000,1500000
2016-03-13 21:30:57.458000,1.11428,1.11381,3000000,1500000
2016-03-13 21:30:58.009000,1.11428,1.11382,5250000,1500000
2016-03-13 21:30:58.561000,1.11428,1.11381,3000000,1500000
2016-03-13 21:30:59.062000,1.11428,1.11382,3750000,1500000
2016-03-13 21:31:02.067000,1.11428,1.11381,3000000,1500000
2016-03-13 21:31:02.669000,1.11428,1.11382,3750000,1500000
2016-03-13 21:31:07.077000,1.11428,1.11381,3000000,1500000
2016-03-13 21:31:07.628000,1.11428,1.11382,3750000,1500000
2016-03-13 21:31:08.345000,1.11428,1.11381,3000000,1500000
2016-03-13 21:31:08.873000,1.11428,1.11382,3750000,1500000
2016-03-13 21:31:13.467000,1.11428,1.11381,3750000,1500000
2016-03-13 21:31:14.457000,1.11428,1.11382,4500000,1500000
2016-03-13 21:31:17.966000,1.11428,1.11381,3750000,1500000
2016-03-13 21:31:18.509000,1.11428,1.11382,4500000,1500000
2016-03-13 21:31:19.060000,1.11428,1.11381,3750000,1500000
2016-03-13 21:31:19.561000,1.11428,1.11382,4500000,1500000
2016-03-13 21:31:20.062000,1.11428,1.11381,3750000,1500000
2016-03-13 21:31:20.592000,1.11428,1.11382,4500000,1500000
2016-03-13 21:31:21.965000,1.11428,1.11381,3750000,1500000
2016-03-13 21:31:22.465000,1.11428,1.11382,4500000,1500000
2016-03-13 21:31:24.470000,1.11428,1.11381,3750000,1500000
2016-03-13 21:31:24.971000,1.11428,1.11382,4500000,1500000
2016-03-13 21:31:28.464000,1.11428,1.11398,4500000,750000
2016-03-13 21:31:28.778000,1.11421,1.11398,2320000,1750000
2016-03-13 21:32:01.479000,1.11421,1.11406,2320000,1070000
2016-03-13 21:32:01.782000,1.11421,1.11406,2320000,1370000
2016-03-13 21:32:04.779000,1.11421,1.11406,2620000,1100000
2016-03-13 21:32:07.944000,1.11421,1.11406,3000000,1100000
2016-03-13 21:33:11.550000,1.11421,1.11406,2620000,1000000
2016-03-13 21:33:11.986000,1.11421,1.11406,3000000,1000000
2016-03-13 21:33:12.618000,1.11421,1.11406,3000000,1100000
2016-03-13 21:33:14.954000,1.11421,1.11406,2620000,1100000
2016-03-13 21:33:15.497000,1.11421,1.11406,2320000,1070000
2016-03-13 21:33:23.996000,1.11421,1.11406,2620000,1070000
2016-03-13 21:33:42.120000,1.11421,1.11406,3000000,1000000
2016-03-13 21:34:09.449000,1.11421,1.11398,3000000,3000000
2016-03-13 21:34:09.927000,1.11421,1.11398,2250000,2250000
2016-03-13 21:34:14.342000,1.11421,1.11406,2250000,1070000
2016-03-13 21:34:14.393000,1.11426,1.11406,1070000,1070000
2016-03-13 21:34:14.444000,1.11424,1.11406,3750000,1000000
2016-03-13 21:34:22.388000,1.11421,1.11406,1870000,1000000
2016-03-13 21:34:31.942000,1.11421,1.11406,1870000,1070000
2016-03-13 21:34:38.006000,1.11421,1.11406,2250000,1000000
2016-03-13 21:35:00.207000,1.11421,1.11405,2250000,1100000
2016-03-13 21:35:33.166000,1.11421,1.11405,1870000,1000000
2016-03-13 21:35:37.349000,1.11421,1.11406,1870000,1000000
2016-03-13 21:35:53.284000,1.11421,1.11406,2250000,1070000
2016-03-13 21:35:56.589000,1.11421,1.11406,1870000,1000000
2016-03-13 21:36:41.254000,1.11421,1.11401,1870000,1370000
2016-03-13 21:36:41.356000,1.11421,1.11401,2250000,1120000
2016-03-13 21:36:45.187000,1.11421,1.11398,2250000,1370000
2016-03-13 21:37:10.836000,1.11421,1.11398,2250000,1120000
2016-03-13 21:37:36.474000,1.11421,1.11397,2250000,1870000
2016-03-13 21:37:40.443000,1.11421,1.11398,2250000,2620000
2016-03-13 21:37:56.453000,1.11421,1.11398,2250000,1500000
2016-03-13 21:37:59.321000,1.11421,1.11398,2250000,1750000
2016-03-13 21:37:59.473000,1.11421,1.11398,2250000,1500000
2016-03-13 21:37:59.684000,1.11421,1.11398,2250000,1750000
2016-03-13 21:38:02.065000,1.11421,1.11398,2250000,1750000
2016-03-13 21:38:03.628000,1.11421,1.11397,3750000,2250000
2016-03-13 21:38:08.598000,1.11421,1.11397,3750000,2250000
2016-03-13 21:38:08.704000,1.11421,1.11397,3750000,1870000
2016-03-13 21:38:09.126000,1.11421,1.11397,3750000,2250000
2016-03-13 21:38:09.914000,1.11421,1.11397,3000000,2250000
2016-03-13 21:38:10.453000,1.11421,1.11397,3750000,2250000
2016-03-13 21:38:11.109000,1.11421,1.11397,1750000,1370000
2016-03-13 21:38:11.338000,1.11421,1.11397,1750000,1750000
2016-03-13 21:38:13.836000,1.11421,1.11397,1750000,1370000
2016-03-13 21:38:14.466000,1.11421,1.11397,1500000,1750000
2016-03-13 21:38:23.856000,1.11421,1.11397,1500000,1750000
2016-03-13 21:38:24.070000,1.11421,1.11397,1500000,1750000
2016-03-13 21:38:25.941000,1.11421,1.11397,1500000,1750000
2016-03-13 21:38:29.684000,1.11421,1.11397,1750000,1750000
2016-03-13 21:38:48.391000,1.11421,1.11397,1500000,1750000
2016-03-13 21:38:55.318000,1.11421,1.11397,1750000,1750000
2016-03-13 21:38:59.499000,1.11421,1.11397,1500000,1750000
2016-03-13 21:39:00.362000,1.11421,1.11397,1750000,1750000
2016-03-13 21:39:16.333000,1.11421,1.11397,1750000,1370000
2016-03-13 21:39:16.904000,1.11421,1.11401,3000000,1070000
2016-03-13 21:39:17.005000,1.11421,1.11401,2620000,1070000
2016-03-13 21:39:20.535000,1.11421,1.11401,2620000,1370000
2016-03-13 21:39:24.719000,1.11421,1.11401,3000000,1120000
2016-03-13 21:39:34.621000,1.11421,1.11401,2250000,1070000
2016-03-13 21:39:34.924000,1.11421,1.11401,1870000,1940000
2016-03-13 21:39:35.026000,1.11421,1.11401,1100000,1940000
2016-03-13 21:39:37.247000,1.11421,1.11401,1120000,1940000
2016-03-13 21:39:40.858000,1.11421,1.11401,1570000,1940000
2016-03-13 21:39:43.417000,1.11421,1.11401,1870000,1940000
2016-03-13 21:39:43.944000,1.11421,1.11401,1570000,1940000
2016-03-13 21:39:45.698000,1.11421,1.11403,1500000,2000000
2016-03-13 21:39:46.199000,1.11421,1.11403,1570000,1690000
2016-03-13 21:39:46.797000,1.11421,1.11403,1000000,2000000
2016-03-13 21:39:47.050000,1.11421,1.11403,1570000,1620000
2016-03-13 21:39:49.104000,1.11421,1.11403,1100000,2000000
2016-03-13 21:39:51.624000,1.11421,1.11403,1500000,2000000
2016-03-13 21:39:53.602000,1.11421,1.11405,1500000,1500000
2016-03-13 21:39:54.595000,1.11421,1.11403,1570000,3750000
2016-03-13 21:39:56.255000,1.11421,1.11403,1500000,3750000
2016-03-13 21:39:56.794000,1.11421,1.11403,1570000,3750000
2016-03-13 21:40:03.284000,1.11421,1.11403,1570000,3750000
2016-03-13 21:40:03.987000,1.11421,1.11405,1570000,1500000
2016-03-13 21:40:08.342000,1.11421,1.11406,2250000,1000000
2016-03-13 21:40:12.120000,1.11421,1.11406,1570000,1370000
2016-03-13 21:40:12.671000,1.11421,1.11406,1570000,1120000
2016-03-13 21:40:13.441000,1.11421,1.11406,1570000,1370000
2016-03-13 21:40:14.979000,1.11421,1.11406,1570000,1120000
2016-03-13 21:40:15.510000,1.11421,1.11406,1570000,1370000
2016-03-13 21:40:23.298000,1.11421,1.11415,1570000,1000000
2016-03-13 21:40:23.450000,1.11431,1.11415,1500000,1500000
2016-03-13 21:40:23.551000,1.11431,1.11415,2250000,1260000
2016-03-13 21:40:27.710000,1.11431,1.11415,2320000,1560000
2016-03-13 21:40:28.295000,1.11431,1.11415,2320000,1290000
2016-03-13 21:41:17.697000,1.11431,1.11415,2320000,2320000
2016-03-13 21:41:17.748000,1.11431,1.11420,2320000,1500000
2016-03-13 21:41:26.165000,1.11435,1.11420,1500000,1000000
2016-03-13 21:41:27.510000,1.11432,1.11420,1000000,1000000
2016-03-13 21:41:27.815000,1.11435,1.11420,1000000,1000000
2016-03-13 21:41:28.112000,1.11432,1.11420,1000000,1000000
2016-03-13 21:41:28.314000,1.11435,1.11420,1500000,1000000
2016-03-13 21:41:29.315000,1.11431,1.11420,1000000,1000000
2016-03-13 21:41:31.522000,1.11432,1.11420,1000000,1000000
2016-03-13 21:41:32.023000,1.11431,1.11420,1000000,1000000
2016-03-13 21:41:33.076000,1.11432,1.11420,1000000,1000000
2016-03-13 21:41:33.577000,1.11431,1.11420,1000000,1000000
2016-03-13 21:41:38.082000,1.11432,1.11420,1000000,1000000
2016-03-13 21:41:38.606000,1.11431,1.11420,1000000,1000000
2016-03-13 21:41:39.471000,1.11432,1.11420,1000000,1000000
2016-03-13 21:41:39.976000,1.11431,1.11420,1000000,1000000
2016-03-13 21:41:40.597000,1.11432,1.11420,1000000,1000000
2016-03-13 21:41:41.141000,1.11431,1.11420,1000000,1000000
2016-03-13 21:41:45.511000,1.11432,1.11420,1000000,1000000
2016-03-13 21:41:46.012000,1.11431,1.11420,1000000,1000000
2016-03-13 21:41:47.900000,1.11432,1.11420,1000000,1000000
2016-03-13 21:41:48.418000,1.11431,1.11420,1000000,1000000
2016-03-13 21:41:49.622000,1.11432,1.11420,1000000,1000000
2016-03-13 21:41:50.123000,1.11431,1.11420,1000000,1000000
2016-03-13 21:41:51.527000,1.11431,1.11419,2250000,1000000
2016-03-13 21:42:00.844000,1.11431,1.11420,1500000,1000000
2016-03-13 21:42:02.755000,1.11431,1.11419,2250000,1500000
2016-03-13 21:42:03.259000,1.11431,1.11420,2250000,1000000
2016-03-13 21:42:12.290000,1.11431,1.11419,1500000,1500000
2016-03-13 21:42:12.794000,1.11431,1.11420,2250000,1000000
2016-03-13 21:42:16.201000,1.11431,1.11419,1500000,1500000
2016-03-13 21:42:16.712000,1.11431,1.11420,2250000,1000000
2016-03-13 21:42:17.603000,1.11431,1.11419,2250000,1500000
2016-03-13 21:42:18.154000,1.11431,1.11420,2250000,1000000
2016-03-13 21:42:18.689000,1.11431,1.11419,2250000,1500000
2016-03-13 21:42:19.209000,1.11431,1.11420,2250000,1000000
2016-03-13 21:42:20.410000,1.11431,1.11419,2250000,1500000
2016-03-13 21:42:20.961000,1.11431,1.11420,1500000,1000000
2016-03-13 21:42:22.022000,1.11431,1.11419,1500000,1500000
2016-03-13 21:42:22.566000,1.11431,1.11420,2250000,1000000
2016-03-13 21:42:23.093000,1.11431,1.11419,2250000,1500000
2016-03-13 21:42:23.620000,1.11431,1.11420,2250000,1000000
2016-03-13 21:42:25.123000,1.11431,1.11419,2250000,1500000
2016-03-13 21:42:25.624000,1.11431,1.11420,1500000,1000000
2016-03-13 21:42:28.246000,1.11431,1.11419,2250000,1500000
2016-03-13 21:42:28.779000,1.11431,1.11420,2250000,1000000
2016-03-13 21:42:32.259000,1.11431,1.11419,2250000,1500000
2016-03-13 21:42:32.993000,1.11431,1.11420,2250000,1000000
2016-03-13 21:42:36.957000,1.11431,1.11419,2250000,1500000
2016-03-13 21:42:37.507000,1.11431,1.11420,2250000,1000000
2016-03-13 21:42:38.058000,1.11431,1.11419,2250000,1500000
2016-03-13 21:42:38.559000,1.11431,1.11420,2250000,1000000
2016-03-13 21:42:40.866000,1.11431,1.11419,2250000,1500000
2016-03-13 21:42:41.445000,1.11431,1.11420,2250000,1000000
2016-03-13 21:42:41.946000,1.11431,1.11419,2250000,1500000
2016-03-13 21:42:42.460000,1.11431,1.11420,2250000,1000000
2016-03-13 21:42:44.876000,1.11431,1.11419,2250000,1500000
2016-03-13 21:42:45.377000,1.11431,1.11420,2250000,1000000
2016-03-13 21:42:46.704000,1.11431,1.11419,1500000,1500000
2016-03-13 21:42:47.247000,1.11431,1.11420,2250000,1000000
2016-03-13 21:42:49.588000,1.11431,1.11419,2250000,1500000
2016-03-13 21:42:50.234000,1.11431,1.11420,1500000,1000000
2016-03-13 21:42:56.106000,1.11431,1.11419,2250000,1500000
2016-03-13 21:42:56.659000,1.11431,1.11420,2250000,1000000
2016-03-13 21:42:57.407000,1.11431,1.11419,2250000,1500000
2016-03-13 21:42:57.958000,1.11431,1.11420,2250000,1000000
2016-03-13 21:42:58.510000,1.11431,1.11419,2250000,1500000
2016-03-13 21:42:59.028000,1.11431,1.11420,2250000,1000000
2016-03-13 21:42:59.562000,1.11431,1.11419,2250000,1500000
2016-03-13 21:43:00.069000,1.11431,1.11420,2250000,1000000
2016-03-13 21:43:03.022000,1.11431,1.11419,2250000,1500000
2016-03-13 21:43:03.573000,1.11431,1.11420,2250000,1000000
2016-03-13 21:43:06.405000,1.11431,1.11419,2250000,1500000
2016-03-13 21:43:06.937000,1.11431,1.11420,2250000,1000000
2016-03-13 21:43:13.064000,1.11431,1.11419,2250000,1500000
2016-03-13 21:43:13.568000,1.11431,1.11420,2250000,1000000
2016-03-13 21:43:26.605000,1.11431,1.11419,2250000,1500000
2016-03-13 21:43:27.106000,1.11431,1.11420,2250000,1000000
2016-03-13 21:43:30.513000,1.11431,1.11419,2250000,1500000
2016-03-13 21:43:31.018000,1.11431,1.11420,1500000,1000000
2016-03-13 21:43:33.521000,1.11431,1.11419,2250000,1500000
2016-03-13 21:43:34.022000,1.11431,1.11420,2250000,1000000
2016-03-13 21:43:35.127000,1.11431,1.11419,2250000,1500000
2016-03-13 21:43:35.794000,1.11431,1.11420,2250000,1000000
2016-03-13 21:43:36.427000,1.11431,1.11419,2250000,1500000
2016-03-13 21:43:36.970000,1.11431,1.11420,2250000,1000000
2016-03-13 21:43:40.493000,1.11431,1.11419,2250000,1500000
2016-03-13 21:43:40.994000,1.11431,1.11420,2250000,1000000
2016-03-13 21:43:41.930000,1.11431,1.11419,2250000,1500000
2016-03-13 21:43:42.442000,1.11431,1.11420,2250000,1000000
2016-03-13 21:43:43.646000,1.11431,1.11419,2250000,1500000
2016-03-13 21:43:44.147000,1.11431,1.11420,2250000,1000000
2016-03-13 21:43:45.533000,1.11431,1.11419,2250000,1500000
2016-03-13 21:43:46.051000,1.11431,1.11420,1500000,1000000
2016-03-13 21:43:47.041000,1.11431,1.11419,2250000,1500000
2016-03-13 21:43:47.561000,1.11431,1.11420,2250000,1000000
2016-03-13 21:43:48.665000,1.11431,1.11419,2250000,1500000
2016-03-13 21:43:49.170000,1.11431,1.11420,2250000,1000000
2016-03-13 21:43:50.441000,1.11431,1.11419,1500000,1500000
2016-03-13 21:43:50.957000,1.11431,1.11420,1500000,1000000
2016-03-13 21:43:51.571000,1.11431,1.11419,1500000,1000000
2016-03-13 21:43:52.321000,1.11431,1.11420,1500000,1000000
2016-03-13 21:43:55.956000,1.11431,1.11419,1500000,1500000
2016-03-13 21:43:56.662000,1.11431,1.11420,1500000,1000000
2016-03-13 21:43:57.273000,1.11431,1.11419,1500000,1500000
2016-03-13 21:43:57.798000,1.11431,1.11420,1500000,1000000
2016-03-13 21:43:58.953000,1.11431,1.11419,1500000,1500000
2016-03-13 21:43:59.504000,1.11431,1.11420,1500000,1000000
2016-03-13 21:44:00.955000,1.11431,1.11419,1500000,1500000
2016-03-13 21:44:01.457000,1.11431,1.11420,1500000,1000000
2016-03-13 21:44:04.497000,1.11431,1.11419,1500000,1500000
2016-03-13 21:44:05.173000,1.11431,1.11420,1500000,1000000
2016-03-13 21:44:06.001000,1.11431,1.11419,1500000,1500000
2016-03-13 21:44:06.551000,1.11431,1.11420,1500000,1000000
2016-03-13 21:44:07.988000,1.11431,1.11419,1500000,1500000
2016-03-13 21:44:08.506000,1.11431,1.11420,1500000,1000000
2016-03-13 21:44:11.696000,1.11431,1.11419,1500000,1500000
2016-03-13 21:44:12.213000,1.11431,1.11420,1500000,1000000
2016-03-13 21:44:13.701000,1.11431,1.11419,1500000,1500000
2016-03-13 21:44:14.203000,1.11431,1.11420,1500000,1000000
2016-03-13 21:44:16.010000,1.11431,1.11419,1500000,1500000
2016-03-13 21:44:16.518000,1.11431,1.11420,1500000,1000000
2016-03-13 21:44:17.535000,1.11431,1.11419,1500000,1500000
2016-03-13 21:44:18.063000,1.11431,1.11420,1500000,1000000
2016-03-13 21:44:20.024000,1.11431,1.11419,1500000,1500000
2016-03-13 21:44:20.575000,1.11431,1.11420,1500000,1000000
2016-03-13 21:44:22.216000,1.11431,1.11419,1500000,1500000
2016-03-13 21:44:22.738000,1.11431,1.11420,1500000,1000000
2016-03-13 21:44:24.050000,1.11431,1.11419,1500000,1500000
2016-03-13 21:44:24.601000,1.11431,1.11420,1500000,1000000
2016-03-13 21:44:26.256000,1.11431,1.11419,1500000,1500000
2016-03-13 21:44:27.058000,1.11431,1.11420,1500000,1000000
2016-03-13 21:44:27.960000,1.11431,1.11419,1500000,1500000
2016-03-13 21:44:28.562000,1.11431,1.11420,1500000,1000000
2016-03-13 21:44:29.166000,1.11431,1.11419,1500000,1500000
2016-03-13 21:44:29.667000,1.11431,1.11420,1500000,1000000
2016-03-13 21:44:31.773000,1.11431,1.11419,1500000,1500000
2016-03-13 21:44:32.274000,1.11431,1.11420,1500000,1000000
2016-03-13 21:44:32.971000,1.11431,1.11419,1500000,1500000
2016-03-13 21:44:33.498000,1.11431,1.11420,1500000,1000000
2016-03-13 21:44:38.898000,1.11431,1.11419,1500000,1500000
2016-03-13 21:44:39.450000,1.11431,1.11420,1500000,1000000
2016-03-13 21:44:43.311000,1.11431,1.11419,1500000,1500000
2016-03-13 21:44:43.812000,1.11431,1.11420,1500000,1000000
2016-03-13 21:44:49.241000,1.11431,1.11419,1500000,1500000
2016-03-13 21:44:49.743000,1.11431,1.11420,1500000,1000000
2016-03-13 21:45:50.736000,1.11431,1.11420,1500000,4120000
2016-03-13 21:46:08.145000,1.11431,1.11421,1500000,2620000
2016-03-13 21:46:19.171000,1.11439,1.11435,1500000,1000000
2016-03-13 21:46:19.272000,1.11442,1.11435,2250000,1500000
2016-03-13 21:46:20.243000,1.11443,1.11435,2250000,1500000
2016-03-13 21:46:20.916000,1.11442,1.11435,1000000,1500000
2016-03-13 21:46:22.644000,1.11443,1.11435,2250000,1500000
2016-03-13 21:46:23.247000,1.11442,1.11435,1000000,1500000
2016-03-13 21:46:25.050000,1.11443,1.11435,2250000,1500000
2016-03-13 21:46:25.552000,1.11442,1.11435,1000000,1500000
2016-03-13 21:46:26.979000,1.11443,1.11435,2250000,1500000
2016-03-13 21:46:27.490000,1.11442,1.11435,1000000,1500000
2016-03-13 21:46:27.995000,1.11443,1.11435,2250000,1500000
2016-03-13 21:46:28.501000,1.11442,1.11435,1000000,1500000
2016-03-13 21:46:29.557000,1.11443,1.11435,2250000,1500000
2016-03-13 21:46:30.181000,1.11442,1.11435,2250000,1000000
2016-03-13 21:46:44.950000,1.11442,1.11438,2250000,1000000
2016-03-13 21:47:09.145000,1.11442,1.11440,2250000,1000000
2016-03-13 21:47:09.296000,1.11463,1.11450,3750000,1000000
2016-03-13 21:47:09.347000,1.11463,1.11448,3750000,1500000
2016-03-13 21:47:11.571000,1.11463,1.11447,3750000,1500000
2016-03-13 21:47:12.129000,1.11463,1.11448,3750000,1500000
2016-03-13 21:47:12.845000,1.11463,1.11447,3750000,1500000
2016-03-13 21:47:13.346000,1.11463,1.11448,3750000,1500000
2016-03-13 21:47:13.949000,1.11463,1.11447,3750000,1500000
2016-03-13 21:47:14.450000,1.11463,1.11448,3750000,1500000
2016-03-13 21:47:15.565000,1.11463,1.11447,3750000,1500000
2016-03-13 21:47:16.356000,1.11463,1.11448,3750000,1500000
2016-03-13 21:47:17.182000,1.11451,1.11445,1000000,2250000
2016-03-13 21:47:17.233000,1.11450,1.11439,1000000,1190000
2016-03-13 21:47:17.284000,1.11450,1.11437,1000000,1070000
2016-03-13 21:47:17.385000,1.11459,1.11435,2250000,4120000
2016-03-13 21:47:17.436000,1.11459,1.11435,2250000,2250000
2016-03-13 21:47:17.487000,1.11460,1.11442,2250000,1500000
2016-03-13 21:47:17.589000,1.11457,1.11440,1500000,1500000
2016-03-13 21:47:17.690000,1.11458,1.11435,2250000,1250000
2016-03-13 21:47:44.457000,1.11458,1.11434,3000000,1570000
2016-03-13 21:47:44.982000,1.11457,1.11435,3000000,1000000
2016-03-13 21:47:45.483000,1.11456,1.11434,1370000,1570000
2016-03-13 21:47:46.020000,1.11457,1.11435,3000000,1000000
2016-03-13 21:47:46.172000,1.11459,1.11435,2250000,4870000
2016-03-13 21:47:59.785000,1.11460,1.11435,2250000,4120000
2016-03-13 21:48:08.271000,1.11460,1.11436,4500000,1570000
2016-03-13 21:48:15.903000,1.11461,1.11435,7500000,1500000
2016-03-13 21:48:16.451000,1.11460,1.11436,2250000,1500000
2016-03-13 21:48:17.154000,1.11456,1.11435,1370000,3750000
2016-03-13 21:48:31.448000,1.11458,1.11434,1750000,3820000
2016-03-13 21:48:31.950000,1.11456,1.11435,1370000,4500000
2016-03-13 21:48:48.122000,1.11460,1.11436,3750000,1500000
2016-03-13 21:48:48.447000,1.11456,1.11438,1870000,1500000
2016-03-13 21:48:49.924000,1.11456,1.11438,1870000,1500000
2016-03-13 21:48:51.061000,1.11457,1.11437,1870000,1500000
2016-03-13 21:48:51.604000,1.11456,1.11438,1870000,1500000
2016-03-13 21:48:53.710000,1.11456,1.11438,1870000,1500000
2016-03-13 21:48:55.769000,1.11457,1.11437,2250000,1500000
2016-03-13 21:48:56.070000,1.11457,1.11439,2250000,1500000
2016-03-13 21:48:58.779000,1.11458,1.11438,2250000,1500000
2016-03-13 21:48:59.303000,1.11457,1.11439,2250000,1500000
2016-03-13 21:49:03.894000,1.11458,1.11438,2250000,1500000
2016-03-13 21:49:04.445000,1.11457,1.11439,2250000,1500000
2016-03-13 21:49:04.997000,1.11458,1.11438,2250000,1500000
2016-03-13 21:49:05.498000,1.11457,1.11439,2250000,1500000
2016-03-13 21:49:06.501000,1.11458,1.11438,2250000,1500000
2016-03-13 21:49:07.003000,1.11457,1.11439,2250000,1500000
2016-03-13 21:49:08.808000,1.11456,1.11438,1870000,1500000
2016-03-13 21:49:09.510000,1.11457,1.11437,2250000,1570000
2016-03-13 21:49:10.022000,1.11456,1.11438,1870000,1500000
2016-03-13 21:49:12.876000,1.11457,1.11437,2250000,1570000
2016-03-13 21:49:13.393000,1.11456,1.11438,1870000,1500000
2016-03-13 21:49:18.853000,1.11456,1.11438,1870000,1570000
2016-03-13 21:49:40.813000,1.11456,1.11438,1870000,1870000
2016-03-13 21:49:40.893000,1.11456,1.11438,1870000,1570000
2016-03-13 21:49:49.186000,1.11456,1.11438,2620000,1500000
2016-03-13 21:49:49.838000,1.11456,1.11438,2620000,1570000
2016-03-13 21:49:51.818000,1.11456,1.11438,2620000,1500000
2016-03-13 21:49:58.382000,1.11456,1.11438,3000000,1570000
2016-03-13 21:50:02.786000,1.11456,1.11438,3000000,1870000
2016-03-13 21:50:06.570000,1.11456,1.11438,3000000,1570000
2016-03-13 21:50:07.104000,1.11457,1.11437,2250000,1870000
2016-03-13 21:50:07.606000,1.11456,1.11438,3000000,1570000
2016-03-13 21:50:08.283000,1.11456,1.11438,2250000,1570000
2016-03-13 21:50:08.987000,1.11456,1.11438,3000000,1570000
2016-03-13 21:50:09.273000,1.11456,1.11438,3000000,1870000
2016-03-13 21:50:09.748000,1.11456,1.11438,3000000,1570000
2016-03-13 21:50:10.255000,1.11456,1.11438,3000000,1570000
2016-03-13 21:50:10.306000,1.11456,1.11438,2250000,1870000
2016-03-13 21:50:11.719000,1.11456,1.11438,2250000,1870000
2016-03-13 21:50:12.221000,1.11457,1.11437,3000000,1870000
2016-03-13 21:50:14.702000,1.11456,1.11438,3000000,1570000
2016-03-13 21:50:15.047000,1.11456,1.11438,3000000,1870000
2016-03-13 21:50:21.393000,1.11456,1.11438,3000000,1570000
2016-03-13 21:50:29.214000,1.11456,1.11438,3000000,1870000
2016-03-13 21:50:32.276000,1.11456,1.11438,2250000,1870000
2016-03-13 21:50:33.629000,1.11456,1.11438,3000000,1570000
2016-03-13 21:50:33.731000,1.11456,1.11438,3000000,1870000
2016-03-13 21:50:36.568000,1.11456,1.11438,3000000,1570000
2016-03-13 21:50:37.240000,1.11456,1.11438,3000000,1870000
2016-03-13 21:50:44.268000,1.11456,1.11438,3000000,1570000
2016-03-13 21:50:46.143000,1.11455,1.11438,3750000,1500000
2016-03-13 21:50:46.344000,1.11455,1.11438,3750000,1870000
2016-03-13 21:50:47.903000,1.11455,1.11438,3750000,1570000
2016-03-13 21:50:48.224000,1.11455,1.11438,3750000,1870000
2016-03-13 21:50:48.763000,1.11455,1.11438,2250000,1870000
2016-03-13 21:50:50.338000,1.11455,1.11438,3750000,1570000
2016-03-13 21:50:50.851000,1.11455,1.11438,3370000,1570000
2016-03-13 21:50:50.902000,1.11455,1.11438,3750000,1870000
2016-03-13 21:50:52.537000,1.11455,1.11437,1870000,1570000
2016-03-13 21:50:53.057000,1.11455,1.11437,1870000,1870000
2016-03-13 21:50:53.942000,1.11455,1.11438,3750000,1570000
2016-03-13 21:50:54.722000,1.11455,1.11438,3750000,1870000
2016-03-13 21:51:00.563000,1.11455,1.11438,3370000,1500000
2016-03-13 21:51:00.977000,1.11455,1.11438,3750000,1870000
2016-03-13 21:51:01.565000,1.11455,1.11437,2250000,1870000
2016-03-13 21:51:01.632000,1.11455,1.11437,1870000,1570000
2016-03-13 21:51:02.217000,1.11455,1.11438,3370000,1500000
2016-03-13 21:51:03.572000,1.11455,1.11437,1870000,1570000
2016-03-13 21:51:04.085000,1.11455,1.11438,3370000,1500000
2016-03-13 21:51:06.375000,1.11455,1.11437,1870000,1570000
2016-03-13 21:51:06.909000,1.11455,1.11438,3370000,1500000
2016-03-13 21:51:11.658000,1.11455,1.11438,3750000,1570000
2016-03-13 21:51:11.759000,1.11455,1.11438,3750000,1870000
2016-03-13 21:51:11.911000,1.11456,1.11438,3000000,1570000
2016-03-13 21:51:16.082000,1.11456,1.11438,3000000,1570000
2016-03-13 21:51:16.785000,1.11456,1.11438,3000000,1870000
2016-03-13 21:51:17.323000,1.11456,1.11438,3000000,1570000
2016-03-13 21:51:20.232000,1.11456,1.11438,3000000,1870000
2016-03-13 21:51:20.792000,1.11456,1.11438,3000000,1870000
2016-03-13 21:51:21.773000,1.11456,1.11438,3000000,1870000
2016-03-13 21:51:21.874000,1.11456,1.11438,3000000,1500000
2016-03-13 21:51:22.509000,1.11457,1.11437,2250000,1570000
2016-03-13 21:51:23.050000,1.11456,1.11438,3000000,1500000
2016-03-13 21:51:23.551000,1.11456,1.11438,2250000,1500000
2016-03-13 21:51:24.312000,1.11456,1.11438,3000000,1870000
2016-03-13 21:51:29.944000,1.11456,1.11438,2250000,1570000
2016-03-13 21:51:30.045000,1.11456,1.11438,3000000,1870000
2016-03-13 21:51:31.700000,1.11456,1.11438,2250000,1570000
2016-03-13 21:51:32.349000,1.11456,1.11438,3000000,1570000
2016-03-13 21:51:35.732000,1.11456,1.11438,3000000,1570000
2016-03-13 21:51:36.323000,1.11457,1.11437,3000000,1870000
2016-03-13 21:51:37.952000,1.11456,1.11438,2250000,1570000
2016-03-13 21:51:38.458000,1.11456,1.11438,3000000,1570000
2016-03-13 21:51:38.861000,1.11456,1.11438,3000000,1870000
2016-03-13 21:51:45.992000,1.11455,1.11437,3370000,1570000
2016-03-13 21:51:47.289000,1.11455,1.11437,1870000,1570000
2016-03-13 21:51:47.735000,1.11455,1.11437,3750000,1870000
2016-03-13 21:51:51.287000,1.11455,1.11437,3750000,1570000
2016-03-13 21:51:51.698000,1.11455,1.11437,2250000,1870000
2016-03-13 21:51:52.250000,1.11455,1.11437,3750000,1570000
2016-03-13 21:51:53.906000,1.11455,1.11437,3750000,1570000
2016-03-13 21:51:54.451000,1.11455,1.11437,2250000,1500000
2016-03-13 21:51:55.111000,1.11455,1.11437,3750000,1570000
2016-03-13 21:51:55.760000,1.11455,1.11437,3750000,1500000
2016-03-13 21:51:57.215000,1.11455,1.11437,2250000,1870000
2016-03-13 21:51:57.529000,1.11455,1.11437,2250000,1500000
2016-03-13 21:51:58.411000,1.11455,1.11437,3370000,1570000
2016-03-13 21:51:59.096000,1.11455,1.11437,3370000,1500000
2016-03-13 21:51:59.608000,1.11455,1.11437,1870000,1570000
2016-03-13 21:52:00.284000,1.11455,1.11437,3370000,1870000
2016-03-13 21:52:00.825000,1.11455,1.11437,3370000,1870000
2016-03-13 21:52:01.802000,1.11455,1.11437,3370000,1870000
2016-03-13 21:52:02.055000,1.11455,1.11437,3370000,1570000
2016-03-13 21:52:02.156000,1.11455,1.11437,3370000,1870000
2016-03-13 21:52:05.211000,1.11455,1.11435,1870000,3750000
2016-03-13 21:52:07.097000,1.11455,1.11435,3370000,1370000
2016-03-13 21:52:11.959000,1.11461,1.11435,1750000,2250000
2016-03-13 21:52:12.510000,1.11461,1.11435,1750000,1500000
2016-03-13 21:52:15.271000,1.11462,1.11435,1750000,1120000
2016-03-13 21:52:15.372000,1.11462,1.11435,4500000,1500000
2016-03-13 21:52:16.451000,1.11462,1.11435,4500000,1370000
2016-03-13 21:52:16.965000,1.11461,1.11435,1750000,1500000
2016-03-13 21:52:18.549000,1.11461,1.11435,1750000,1370000
2016-03-13 21:52:19.098000,1.11462,1.11435,4500000,1500000
2016-03-13 21:52:21.401000,1.11462,1.11435,1750000,1120000
2016-03-13 21:52:21.502000,1.11462,1.11435,4500000,1500000
2016-03-13 21:52:22.049000,1.11457,1.11435,1500000,2250000
2016-03-13 21:52:23.805000,1.11458,1.11435,1750000,1500000
2016-03-13 21:52:24.811000,1.11461,1.11435,1750000,2250000
2016-03-13 21:52:25.901000,1.11457,1.11435,1500000,2250000
2016-03-13 21:52:26.563000,1.11457,1.11435,1500000,1370000
2016-03-13 21:52:28.118000,1.11457,1.11435,1500000,2250000
2016-03-13 21:52:28.421000,1.11457,1.11435,1500000,1120000
2016-03-13 21:52:29.562000,1.11457,1.11435,1500000,1500000
2016-03-13 21:52:30.424000,1.11458,1.11435,1750000,1120000
2016-03-13 21:52:34.841000,1.11457,1.11435,1500000,1500000
2016-03-13 21:52:35.043000,1.11457,1.11435,1500000,1120000
2016-03-13 21:52:36.031000,1.11456,1.11435,1370000,2250000
2016-03-13 21:52:36.600000,1.11455,1.11438,3370000,1570000
2016-03-13 21:52:38.671000,1.11455,1.11438,3370000,1570000
2016-03-13 21:52:39.239000,1.11455,1.11438,3370000,1570000
2016-03-13 21:52:39.903000,1.11459,1.11440,1870000,1870000
2016-03-13 21:52:40.005000,1.11456,1.11434,1370000,3190000
2016-03-13 21:52:40.107000,1.11456,1.11440,1070000,1870000
2016-03-13 21:52:40.410000,1.11466,1.11447,3750000,1000000
2016-03-13 21:52:40.464000,1.11468,1.11447,3750000,1000000
2016-03-13 21:52:40.844000,1.11456,1.11440,1500000,3000000
2016-03-13 21:52:40.894000,1.11456,1.11440,1870000,1000000
2016-03-13 21:52:41.096000,1.11455,1.11440,1570000,1120000
2016-03-13 21:52:41.959000,1.11455,1.11440,3370000,1100000
2016-03-13 21:52:42.395000,1.11455,1.11440,3070000,1120000
2016-03-13 21:52:42.846000,1.11455,1.11440,3370000,1100000
2016-03-13 21:52:43.347000,1.11455,1.11440,3370000,1070000
2016-03-13 21:52:47.460000,1.11456,1.11440,1570000,1370000
2016-03-13 21:52:48.020000,1.11456,1.11440,1120000,4310000
2016-03-13 21:52:49.015000,1.11456,1.11440,1500000,1940000
2016-03-13 21:52:49.116000,1.11456,1.11440,1870000,1310000
2016-03-13 21:52:51.084000,1.11456,1.11440,2620000,1260000
2016-03-13 21:52:51.135000,1.11456,1.11440,2620000,1260000
2016-03-13 21:52:53.210000,1.11456,1.11439,1870000,3560000
2016-03-13 21:52:59.016000,1.11456,1.11440,1870000,1290000
2016-03-13 21:52:59.117000,1.11455,1.11440,1500000,1690000
2016-03-13 21:52:59.269000,1.11455,1.11439,3370000,1290000
2016-03-13 21:52:59.833000,1.11455,1.11440,3070000,1310000
2016-03-13 21:53:00.336000,1.11455,1.11440,3370000,1190000
2016-03-13 21:53:04.649000,1.11455,1.11440,3370000,1190000
2016-03-13 21:53:08.570000,1.11455,1.11440,3070000,1290000
2016-03-13 21:53:10.705000,1.11455,1.11440,3370000,1290000
2016-03-13 21:53:11.581000,1.11455,1.11439,3370000,1310000
2016-03-13 21:53:12.428000,1.11455,1.11440,3370000,1290000
2016-03-13 21:53:14.885000,1.11456,1.11440,1870000,2510000
2016-03-13 21:53:15.391000,1.11455,1.11440,3370000,1190000
2016-03-13 21:53:15.903000,1.11455,1.11440,3370000,1260000
2016-03-13 21:53:16.445000,1.11455,1.11440,3370000,1190000
2016-03-13 21:53:16.496000,1.11455,1.11440,1570000,1260000
2016-03-13 21:53:16.647000,1.11455,1.11440,3370000,1290000
2016-03-13 21:53:17.077000,1.11455,1.11440,3070000,1310000
2016-03-13 21:53:17.191000,1.11455,1.11440,3370000,1290000
2016-03-13 21:53:17.746000,1.11455,1.11440,3070000,1310000
2016-03-13 21:53:18.250000,1.11455,1.11440,3370000,1260000
2016-03-13 21:53:18.951000,1.11455,1.11440,1870000,1190000
2016-03-13 21:53:20.507000,1.11455,1.11440,1870000,1260000
2016-03-13 21:53:21.013000,1.11455,1.11439,3370000,1290000
2016-03-13 21:53:25.319000,1.11455,1.11440,3370000,1100000
2016-03-13 21:53:25.773000,1.11455,1.11440,1570000,2620000
2016-03-13 21:53:26.321000,1.11455,1.11439,3370000,1120000
2016-03-13 21:53:26.675000,1.11455,1.11440,1570000,1370000
2016-03-13 21:53:26.980000,1.11455,1.11440,3070000,1100000
2016-03-13 21:53:27.484000,1.11456,1.11445,1370000,1000000
2016-03-13 21:53:27.787000,1.11462,1.11450,3750000,1000000
2016-03-13 21:53:27.889000,1.11465,1.11450,3750000,1000000
2016-03-13 21:53:27.940000,1.11457,1.11445,1120000,1500000
2016-03-13 21:53:27.991000,1.11457,1.11443,1500000,1500000
2016-03-13 21:53:28.042000,1.11457,1.11440,1500000,1000000
2016-03-13 21:53:36,1.11455,1.11440,3370000,1070000
2016-03-13 21:53:36.279000,1.11455,1.11439,3370000,1000000
2016-03-13 21:53:36.786000,1.11455,1.11440,1870000,1000000
2016-03-13 21:53:38.504000,1.11455,1.11439,3370000,1000000
2016-03-13 21:53:39.005000,1.11455,1.11440,3370000,1000000
2016-03-13 21:53:40.909000,1.11455,1.11439,3370000,1000000
2016-03-13 21:53:41.461000,1.11455,1.11440,3370000,1000000
2016-03-13 21:53:42.113000,1.11455,1.11439,3370000,1100000
2016-03-13 21:53:42.614000,1.11455,1.11440,3370000,1000000
2016-03-13 21:53:43.618000,1.11455,1.11439,3370000,1100000
2016-03-13 21:53:43.931000,1.11455,1.11440,3070000,1100000
2016-03-13 21:53:44.821000,1.11455,1.11440,1870000,1070000
2016-03-13 21:53:45.327000,1.11455,1.11440,3370000,1100000
2016-03-13 21:53:45.692000,1.11455,1.11440,1570000,2620000
2016-03-13 21:53:46.228000,1.11455,1.11440,3370000,1070000
2016-03-13 21:53:47.044000,1.11455,1.11440,3070000,1120000
2016-03-13 21:53:48.333000,1.11455,1.11440,1870000,1070000
2016-03-13 21:53:48.854000,1.11455,1.11440,1570000,2620000
2016-03-13 21:53:49.208000,1.11458,1.11441,1870000,1870000
2016-03-13 21:53:49.750000,1.11458,1.11441,1570000,2250000
2016-03-13 21:53:50.053000,1.11458,1.11441,1870000,1870000
2016-03-13 21:53:50.658000,1.11455,1.11440,1500000,1750000
2016-03-13 21:53:50.767000,1.11455,1.11440,1870000,2320000
2016-03-13 21:53:50.869000,1.11458,1.11440,1870000,3000000
2016-03-13 21:53:51.179000,1.11463,1.11440,4500000,1070000
2016-03-13 21:53:51.738000,1.11454,1.11440,1570000,1100000
2016-03-13 21:53:52.045000,1.11454,1.11440,1870000,1000000
2016-03-13 21:53:53.341000,1.11454,1.11439,1870000,1000000
2016-03-13 21:53:53.852000,1.11454,1.11440,1870000,1000000
2016-03-13 21:53:54.852000,1.11454,1.11439,1870000,1100000
2016-03-13 21:53:55.353000,1.11454,1.11440,1870000,1000000
2016-03-13 21:53:56.379000,1.11454,1.11440,1870000,1100000
2016-03-13 21:53:56.910000,1.11454,1.11440,1870000,1000000
2016-03-13 21:53:57.456000,1.11454,1.11440,2250000,1000000
2016-03-13 21:53:58.363000,1.11455,1.11439,3750000,1000000
2016-03-13 21:53:58.866000,1.11454,1.11440,2250000,1000000
2016-03-13 21:54:01.039000,1.11454,1.11439,2250000,1000000
2016-03-13 21:54:01.575000,1.11454,1.11440,2250000,1000000
2016-03-13 21:54:02.177000,1.11454,1.11439,2250000,1000000
2016-03-13 21:54:02.745000,1.11454,1.11440,2250000,1000000
2016-03-13 21:54:03.380000,1.11454,1.11439,2250000,1100000
2016-03-13 21:54:03.884000,1.11454,1.11440,2250000,1000000
2016-03-13 21:54:05.757000,1.11454,1.11437,2250000,1570000
2016-03-13 21:54:06.380000,1.11454,1.11437,2250000,1570000
2016-03-13 21:54:07.019000,1.11455,1.11436,3750000,1570000
2016-03-13 21:54:07.543000,1.11454,1.11437,2250000,1500000
2016-03-13 21:54:10.761000,1.11454,1.11437,2250000,1570000
2016-03-13 21:54:11.998000,1.11454,1.11437,2250000,1570000
2016-03-13 21:54:12.739000,1.11454,1.11437,2250000,1570000
2016-03-13 21:54:17.418000,1.11454,1.11435,2250000,4120000
2016-03-13 21:54:17.920000,1.11453,1.11436,1870000,1500000
2016-03-13 21:54:19.672000,1.11454,1.11435,1870000,3750000
2016-03-13 21:54:20.191000,1.11453,1.11436,1870000,1500000
2016-03-13 21:54:20.769000,1.11453,1.11436,1870000,1570000
2016-03-13 21:54:21.144000,1.11454,1.11435,2250000,3820000
2016-03-13 21:54:21.677000,1.11453,1.11436,1870000,1500000
2016-03-13 21:54:22.189000,1.11453,1.11436,1870000,1500000
2016-03-13 21:54:22.730000,1.11453,1.11436,1870000,1570000
2016-03-13 21:54:23.242000,1.11453,1.11436,1870000,1570000
2016-03-13 21:54:26.842000,1.11453,1.11436,1870000,1570000
2016-03-13 21:54:27.830000,1.11453,1.11436,2250000,1570000
2016-03-13 21:54:32.889000,1.11453,1.11436,1870000,1570000
2016-03-13 21:54:33.509000,1.11453,1.11436,1870000,1870000
2016-03-13 21:54:35.415000,1.11453,1.11436,1870000,1500000
2016-03-13 21:54:35.932000,1.11454,1.11435,2250000,3820000
2016-03-13 21:54:36.442000,1.11453,1.11436,1870000,1570000
2016-03-13 21:54:36.971000,1.11454,1.11435,2250000,4120000
2016-03-13 21:54:38.492000,1.11453,1.11436,1870000,1570000
2016-03-13 21:54:38.593000,1.11453,1.11436,1870000,1870000
2016-03-13 21:54:39.106000,1.11453,1.11436,1870000,1570000
2016-03-13 21:54:42.350000,1.11453,1.11436,1870000,1500000
2016-03-13 21:54:43.018000,1.11453,1.11436,1870000,1570000
2016-03-13 21:54:45.770000,1.11453,1.11436,1870000,1570000
2016-03-13 21:54:46.198000,1.11453,1.11436,1870000,1870000
2016-03-13 21:54:46.511000,1.11453,1.11436,1870000,1570000
2016-03-13 21:54:47.013000,1.11453,1.11436,1870000,1870000
2016-03-13 21:54:47.987000,1.11453,1.11436,1870000,1570000
2016-03-13 21:54:48.517000,1.11453,1.11436,1870000,1570000
2016-03-13 21:54:49.019000,1.11453,1.11436,1870000,1570000
2016-03-13 21:54:50.159000,1.11453,1.11436,1870000,1870000
2016-03-13 21:54:50.924000,1.11453,1.11436,1870000,1570000
2016-03-13 21:54:52.950000,1.11453,1.11436,1870000,1570000
2016-03-13 21:54:53.943000,1.11454,1.11435,2250000,3750000
2016-03-13 21:54:54.444000,1.11453,1.11436,1870000,1500000
2016-03-13 21:54:56.660000,1.11454,1.11435,2250000,3750000
2016-03-13 21:54:57.291000,1.11453,1.11436,1870000,1500000
2016-03-13 21:54:57.893000,1.11454,1.11435,2250000,3750000
2016-03-13 21:54:58.394000,1.11453,1.11436,1870000,1500000
2016-03-13 21:55:01.803000,1.11453,1.11436,1870000,1570000
2016-03-13 21:55:03.462000,1.11453,1.11436,1870000,1870000
2016-03-13 21:55:17.205000,1.11453,1.11437,1870000,1870000
2016-03-13 21:55:22.064000,1.11454,1.11436,2250000,1570000
2016-03-13 21:55:22.568000,1.11453,1.11437,1870000,1570000
2016-03-13 21:55:23.624000,1.11453,1.11437,1870000,1570000
2016-03-13 21:55:23.808000,1.11453,1.11437,1870000,1870000
2016-03-13 21:55:26.031000,1.11453,1.11437,1870000,1570000
2016-03-13 21:55:27.883000,1.11453,1.11437,1870000,1570000
2016-03-13 21:55:28.900000,1.11453,1.11437,1870000,1570000
2016-03-13 21:55:35.368000,1.11455,1.11438,3750000,1870000
2016-03-13 21:55:37.232000,1.11453,1.11440,1870000,1000000
2016-03-13 21:55:37.737000,1.11453,1.11440,1870000,1000000
2016-03-13 21:55:38.350000,1.11453,1.11440,1870000,1000000
2016-03-13 21:55:40.346000,1.11453,1.11440,1870000,1000000
2016-03-13 21:55:41.848000,1.11453,1.11440,1870000,1000000
2016-03-13 21:55:42.967000,1.11453,1.11439,1870000,1000000
2016-03-13 21:55:43.506000,1.11453,1.11440,1870000,1000000
2016-03-13 21:55:44.796000,1.11453,1.11439,1870000,1000000
2016-03-13 21:55:45.310000,1.11453,1.11440,1870000,1000000
2016-03-13 21:55:51.498000,1.11453,1.11439,1870000,1100000
2016-03-13 21:55:52.017000,1.11453,1.11440,1870000,1000000
2016-03-13 21:55:55.442000,1.11453,1.11439,1870000,1100000
2016-03-13 21:55:55.943000,1.11453,1.11440,1870000,1000000
2016-03-13 21:55:58.956000,1.11453,1.11439,1870000,1100000
2016-03-13 21:55:59.559000,1.11453,1.11440,1870000,1000000
2016-03-13 21:56:01.068000,1.11453,1.11439,1870000,1100000
2016-03-13 21:56:01.570000,1.11453,1.11440,1870000,1000000
2016-03-13 21:56:02.072000,1.11455,1.11440,3370000,1000000
2016-03-13 21:56:04.932000,1.11455,1.11439,1870000,2320000
2016-03-13 21:56:05.433000,1.11455,1.11440,3370000,1000000
2016-03-13 21:56:05.946000,1.11455,1.11439,3370000,2320000
2016-03-13 21:56:06.486000,1.11455,1.11440,1870000,1000000
2016-03-13 21:56:06.988000,1.11455,1.11439,3370000,2320000
2016-03-13 21:56:07.490000,1.11455,1.11440,3370000,1000000
2016-03-13 21:56:10.346000,1.11455,1.11439,3370000,1100000
2016-03-13 21:56:10.948000,1.11455,1.11440,3370000,1000000
2016-03-13 21:56:11.449000,1.11455,1.11439,3370000,1100000
2016-03-13 21:56:11.998000,1.11455,1.11440,3370000,1000000
2016-03-13 21:56:12.551000,1.11455,1.11439,3370000,1100000
2016-03-13 21:56:13.053000,1.11455,1.11440,3370000,1000000
2016-03-13 21:56:13.955000,1.11455,1.11439,3370000,1100000
2016-03-13 21:56:14.477000,1.11455,1.11440,3370000,1000000
2016-03-13 21:56:16.512000,1.11455,1.11440,3370000,1000000
2016-03-13 21:56:17.163000,1.11454,1.11439,1870000,1000000
2016-03-13 21:56:17.766000,1.11454,1.11440,1870000,1000000
2016-03-13 21:56:18.267000,1.11454,1.11439,1870000,1000000
2016-03-13 21:56:18.968000,1.11454,1.11440,1870000,1000000
2016-03-13 21:56:22.176000,1.11454,1.11439,1870000,1000000
2016-03-13 21:56:22.677000,1.11454,1.11440,1870000,1000000
2016-03-13 21:56:23.682000,1.11454,1.11439,1870000,1000000
2016-03-13 21:56:24.192000,1.11454,1.11440,1870000,1000000
2016-03-13 21:56:25.429000,1.11454,1.11439,1870000,1000000
2016-03-13 21:56:25.944000,1.11454,1.11440,1870000,1000000
2016-03-13 21:56:27.397000,1.11454,1.11439,1870000,1000000
2016-03-13 21:56:27.899000,1.11455,1.11440,3370000,1000000
2016-03-13 21:56:29.803000,1.11455,1.11439,3370000,1000000
2016-03-13 21:56:30.304000,1.11454,1.11440,1870000,1000000
2016-03-13 21:56:32.038000,1.11454,1.11439,1870000,1000000
2016-03-13 21:56:32.585000,1.11454,1.11440,1870000,1000000
2016-03-13 21:56:34.015000,1.11454,1.11439,1870000,1000000
2016-03-13 21:56:34.708000,1.11454,1.11440,1870000,1000000
2016-03-13 21:56:35.415000,1.11455,1.11439,3370000,1000000
2016-03-13 21:56:35.965000,1.11455,1.11440,3370000,1000000
2016-03-13 21:56:36.466000,1.11455,1.11439,1870000,1000000
2016-03-13 21:56:36.973000,1.11455,1.11440,3370000,1000000
2016-03-13 21:56:40.324000,1.11455,1.11439,3370000,1100000
2016-03-13 21:56:40.840000,1.11455,1.11440,3370000,1000000
2016-03-13 21:56:42.431000,1.11456,1.11439,2250000,2320000
2016-03-13 21:56:42.933000,1.11454,1.11440,1870000,1000000
2016-03-13 21:56:44.943000,1.11454,1.11439,1870000,1000000
2016-03-13 21:56:45.448000,1.11453,1.11440,1870000,1000000
2016-03-13 21:56:48.072000,1.11453,1.11439,1870000,1000000
2016-03-13 21:56:48.598000,1.11453,1.11440,1870000,1000000
2016-03-13 21:56:50.991000,1.11454,1.11439,1870000,1000000
2016-03-13 21:56:51.510000,1.11455,1.11440,3750000,1000000
2016-03-13 21:56:51.713000,1.11455,1.11440,1870000,1000000
2016-03-13 21:56:52.357000,1.11455,1.11439,3370000,1070000
2016-03-13 21:56:56.245000,1.11456,1.11440,1870000,1000000
2016-03-13 21:57:00.177000,1.11456,1.11439,1870000,2320000
2016-03-13 21:57:00.691000,1.11457,1.11440,2250000,1000000
2016-03-13 21:57:01.293000,1.11456,1.11439,1870000,2320000
2016-03-13 21:57:01.817000,1.11456,1.11440,1870000,1000000
2016-03-13 21:57:07.319000,1.11457,1.11440,3750000,3750000
2016-03-13 21:57:07.864000,1.11456,1.11439,3750000,2250000
2016-03-13 21:57:08.409000,1.11456,1.11440,3750000,1000000
2016-03-13 21:57:09.343000,1.11457,1.11440,2250000,3750000
2016-03-13 21:57:12.069000,1.11457,1.11440,2250000,2250000
2016-03-13 21:57:12.691000,1.11457,1.11440,2250000,3750000
2016-03-13 21:57:13.235000,1.11457,1.11440,2250000,3750000
2016-03-13 21:57:17.236000,1.11457,1.11440,3750000,2250000
2016-03-13 21:57:17.757000,1.11457,1.11440,1870000,2320000
2016-03-13 21:57:18.651000,1.11458,1.11440,1500000,3820000
2016-03-13 21:57:19.665000,1.11456,1.11440,1370000,3000000
2016-03-13 21:57:19.766000,1.11457,1.11439,3750000,1500000
2016-03-13 21:57:21.820000,1.11457,1.11438,2250000,1570000
2016-03-13 21:57:22.321000,1.11457,1.11439,3750000,1500000
2016-03-13 21:57:23.323000,1.11457,1.11438,2250000,1570000
2016-03-13 21:57:23.825000,1.11457,1.11439,3750000,1500000
2016-03-13 21:57:25.448000,1.11457,1.11438,2250000,1570000
2016-03-13 21:57:25.972000,1.11457,1.11439,3750000,1500000
2016-03-13 21:57:27.736000,1.11457,1.11440,2250000,3000000
2016-03-13 21:57:28.238000,1.11457,1.11440,2250000,3000000
2016-03-13 21:57:38.689000,1.11457,1.11439,3750000,1570000
2016-03-13 21:57:41.569000,1.11457,1.11440,2250000,1500000
2016-03-13 21:57:50.499000,1.11457,1.11442,2250000,1500000
2016-03-13 21:57:50.701000,1.11460,1.11442,3750000,1500000
2016-03-13 21:57:51.204000,1.11459,1.11440,2250000,4570000
2016-03-13 21:57:52.306000,1.11459,1.11440,3750000,4570000
2016-03-13 21:57:53.661000,1.11460,1.11441,3370000,2620000
2016-03-13 21:57:55.506000,1.11460,1.11441,3750000,2320000
2016-03-13 21:57:55.809000,1.11460,1.11441,3750000,2620000
2016-03-13 21:57:55.961000,1.11461,1.11442,1870000,1570000
2016-03-13 21:57:57.287000,1.11462,1.11441,2250000,1870000
2016-03-13 21:58:00.900000,1.11461,1.11442,1870000,1570000
2016-03-13 21:58:40.019000,1.11461,1.11441,3750000,1570000
2016-03-13 21:58:40.756000,1.11461,1.11441,3750000,1570000
2016-03-13 21:58:41.973000,1.11460,1.11440,5250000,2250000
2016-03-13 21:58:42.481000,1.11457,1.11440,3000000,1000000
2016-03-13 21:58:43.005000,1.11457,1.11439,3000000,1000000
2016-03-13 21:58:43.522000,1.11459,1.11440,3750000,1100000
2016-03-13 21:58:46.716000,1.11459,1.11440,5250000,1000000
2016-03-13 21:58:47.019000,1.11461,1.11440,4500000,3820000
2016-03-13 21:58:47.171000,1.11461,1.11440,4500000,4120000
2016-03-13 21:58:47.273000,1.11463,1.11440,3000000,1370000
2016-03-13 21:58:59.567000,1.11462,1.11440,4500000,2620000
2016-03-13 21:58:59.933000,1.11461,1.11440,4500000,3820000
2016-03-13 21:59:02.549000,1.11456,1.11441,100000,1570000
2016-03-13 21:59:02.970000,1.11457,1.11443,100000,100000
2016-03-13 21:59:03.311000,1.11455,1.11442,100000,100000
2016-03-13 21:59:05.505000,1.11456,1.11443,100000,100000
2016-03-13 21:59:05.982000,1.11454,1.11442,100000,100000
2016-03-13 21:59:06.185000,1.11457,1.11443,100000,100000
2016-03-13 21:59:08.490000,1.11456,1.11443,100000,100000
2016-03-13 21:59:20.940000,1.11454,1.11442,100000,100000
2016-03-13 21:59:23.002000,1.11450,1.11438,100000,1500000
2016-03-13 21:59:23.503000,1.11451,1.11438,100000,1570000
2016-03-13 21:59:59.956000,1.11451,1.11439,100000,100000
2016-03-13 22:00:00.209000,1.11456,1.11443,100000,100000
2016-03-13 22:00:00.412000,1.11457,1.11445,100000,750000
2016-03-13 22:00:00.716000,1.11458,1.11448,100000,750000
2016-03-13 22:00:00.889000,1.11456,1.11443,100000,2250000
2016-03-13 22:00:01.123000,1.11456,1.11446,100000,750000
2016-03-13 22:00:01.275000,1.11455,1.11443,100000,820000
2016-03-13 22:00:01.377000,1.11458,1.11448,100000,1500000
2016-03-13 22:00:01.688000,1.11456,1.11455,100000,660000
2016-03-13 22:00:01.743000,1.11458,1.11455,100000,660000
2016-03-13 22:00:02.260000,1.11460,1.11456,100000,750000
2016-03-13 22:00:02.361000,1.11460,1.11452,100000,750000
2016-03-13 22:00:02.462000,1.11459,1.11454,100000,1500000
2016-03-13 22:00:02.665000,1.11460,1.11451,100000,1500000
2016-03-13 22:00:02.766000,1.11459,1.11446,100000,1500000
2016-03-13 22:00:02.817000,1.11461,1.11446,100000,1500000
2016-03-13 22:00:02.918000,1.11457,1.11446,100000,750000
2016-03-13 22:00:02.969000,1.11457,1.11443,100000,820000
2016-03-13 22:00:03.070000,1.11457,1.11445,100000,750000
2016-03-13 22:00:03.310000,1.11456,1.11443,100000,100000
2016-03-13 22:00:03.466000,1.11456,1.11446,100000,1500000
2016-03-13 22:00:03.769000,1.11456,1.11455,100000,940000
2016-03-13 22:00:04.302000,1.11457,1.11455,100000,940000
2016-03-13 22:00:05.282000,1.11457,1.11456,100000,840000
2016-03-13 22:00:05.926000,1.11458,1.11456,100000,840000
2016-03-13 22:00:06.433000,1.11457,1.11456,100000,750000
2016-03-13 22:00:06.989000,1.11458,1.11456,100000,750000
2016-03-13 22:00:07.473000,1.11457,1.11456,100000,940000
2016-03-13 22:00:08.022000,1.11456,1.11455,100000,1690000
2016-03-13 22:00:09.305000,1.11456,1.11455,100000,1310000
2016-03-13 22:00:09.449000,1.11464,1.11461,750000,470000
2016-03-13 22:00:09.500000,1.11470,1.11464,2250000,750000
2016-03-13 22:00:09.551000,1.11466,1.11464,100000,750000
2016-03-13 22:00:09.704000,1.11457,1.11448,100000,750000
2016-03-13 22:00:09.805000,1.11457,1.11452,100000,750000
2016-03-13 22:00:09.907000,1.11457,1.11449,100000,1500000
2016-03-13 22:00:10.444000,1.11458,1.11448,750000,1500000
2016-03-13 22:00:10.647000,1.11456,1.11448,100000,1500000
2016-03-13 22:00:10.849000,1.11458,1.11448,750000,750000
2016-03-13 22:00:10.900000,1.11465,1.11448,820000,750000
2016-03-13 22:00:10.951000,1.11463,1.11448,100000,750000
2016-03-13 22:00:11.597000,1.11463,1.11451,100000,750000
2016-03-13 22:00:11.901000,1.11463,1.11456,100000,660000
2016-03-13 22:00:12.711000,1.11462,1.11456,100000,660000
2016-03-13 22:00:13.217000,1.11463,1.11456,100000,840000
2016-03-13 22:00:13.708000,1.11463,1.11462,100000,750000
2016-03-13 22:00:13.901000,1.11466,1.11463,100000,750000
2016-03-13 22:00:14.104000,1.11467,1.11465,370000,1590000
2016-03-13 22:00:14.358000,1.11467,1.11463,1500000,750000
2016-03-13 22:00:14.409000,1.11465,1.11463,750000,750000
2016-03-13 22:00:14.562000,1.11464,1.11455,820000,2250000
2016-03-13 22:00:14.613000,1.11464,1.11451,750000,750000
2016-03-13 22:00:14.765000,1.11465,1.11456,100000,750000
2016-03-13 22:00:15.170000,1.11466,1.11465,370000,370000
2016-03-13 22:00:16.145000,1.11465,1.11464,100000,370000
2016-03-13 22:00:16.298000,1.11464,1.11460,100000,4500000
2016-03-13 22:00:16.404000,1.11466,1.11460,100000,4500000
2016-03-13 22:00:16.506000,1.11466,1.11465,100000,370000
2016-03-13 22:00:16.556000,1.11470,1.11465,2250000,370000
2016-03-13 22:00:16.925000,1.11466,1.11465,100000,370000
2016-03-13 22:00:17.280000,1.11465,1.11460,100000,4500000
2016-03-13 22:00:17.331000,1.11463,1.11460,100000,4500000
2016-03-13 22:00:17.835000,1.11464,1.11460,100000,750000
2016-03-13 22:00:18.348000,1.11465,1.11460,100000,750000
2016-03-13 22:00:18.803000,1.11467,1.11459,100000,750000
2016-03-13 22:00:18.906000,1.11465,1.11460,100000,750000
2016-03-13 22:00:19.685000,1.11465,1.11459,100000,750000
2016-03-13 22:00:19.787000,1.11468,1.11461,100000,470000
2016-03-13 22:00:19.889000,1.11466,1.11461,100000,470000
2016-03-13 22:00:20.479000,1.11466,1.11465,100000,370000
2016-03-13 22:00:20.682000,1.11467,1.11462,100000,750000
2016-03-13 22:00:20.783000,1.11467,1.11460,450000,1120000
2016-03-13 22:00:21.391000,1.11467,1.11459,100000,750000
2016-03-13 22:00:21.911000,1.11466,1.11460,100000,750000
2016-03-13 22:00:22.587000,1.11465,1.11460,750000,750000
2016-03-13 22:00:22.739000,1.11462,1.11460,100000,1120000
2016-03-13 22:00:22.841000,1.11466,1.11460,750000,1120000
2016-03-13 22:00:23.094000,1.11464,1.11460,100000,750000
2016-03-13 22:00:23.195000,1.11466,1.11460,940000,750000
2016-03-13 22:00:23.398000,1.11463,1.11460,100000,750000
2016-03-13 22:00:24.040000,1.11466,1.11462,100000,750000
2016-03-13 22:00:24.697000,1.11467,1.11462,100000,750000
2016-03-13 22:00:25.202000,1.11468,1.11462,100000,750000
2016-03-13 22:00:26.146000,1.11469,1.11462,190000,750000
2016-03-13 22:00:26.654000,1.11470,1.11462,820000,750000
2016-03-13 22:00:27.251000,1.11469,1.11462,100000,750000
2016-03-13 22:00:27.555000,1.11469,1.11460,100000,2440000
2016-03-13 22:00:27.706000,1.11467,1.11460,100000,750000
2016-03-13 22:00:28.150000,1.11465,1.11460,100000,750000
2016-03-13 22:00:28.251000,1.11467,1.11460,100000,750000
2016-03-13 22:00:28.352000,1.11465,1.11461,100000,100000
2016-03-13 22:00:30.434000,1.11465,1.11464,100000,370000
2016-03-13 22:00:30.535000,1.11467,1.11465,100000,370000
2016-03-13 22:00:31.013000,1.11470,1.11465,750000,370000
2016-03-13 22:00:31.115000,1.11466,1.11465,100000,370000
2016-03-13 22:00:31.317000,1.11470,1.11465,1500000,370000
2016-03-13 22:00:31.519000,1.11466,1.11464,100000,370000
2016-03-13 22:00:31.867000,1.11469,1.11465,100000,370000
2016-03-13 22:00:32.414000,1.11470,1.11465,1500000,370000
2016-03-13 22:00:32.516000,1.11470,1.11462,750000,750000
2016-03-13 22:00:32.617000,1.11470,1.11465,1570000,370000
2016-03-13 22:00:32.819000,1.11470,1.11461,1570000,1690000
2016-03-13 22:00:32.870000,1.11468,1.11461,100000,1690000
2016-03-13 22:00:33.375000,1.11467,1.11461,100000,2320000
2016-03-13 22:00:33.710000,1.11465,1.11461,100000,2620000
2016-03-13 22:00:33.761000,1.11468,1.11461,100000,2620000
2016-03-13 22:00:33.964000,1.11466,1.11461,100000,2720000
2016-03-13 22:00:34.268000,1.11468,1.11461,100000,6000000
2016-03-13 22:00:34.370000,1.11468,1.11465,100000,370000
2016-03-13 22:00:34.876000,1.11467,1.11465,100000,750000
2016-03-13 22:00:34.928000,1.11470,1.11465,1010000,750000
2016-03-13 22:00:35.452000,1.11469,1.11465,100000,750000
2016-03-13 22:00:35.973000,1.11470,1.11465,1570000,370000
2016-03-13 22:00:36.504000,1.11469,1.11465,100000,750000
2016-03-13 22:00:36.606000,1.11467,1.11465,100000,750000
2016-03-13 22:00:38.179000,1.11467,1.11464,100000,750000
2016-03-13 22:00:38.684000,1.11467,1.11465,100000,750000
2016-03-13 22:00:39.038000,1.11469,1.11465,100000,750000
2016-03-13 22:00:39.342000,1.11467,1.11466,100000,470000
2016-03-13 22:00:39.444000,1.11469,1.11465,100000,370000
2016-03-13 22:00:39.988000,1.11470,1.11465,750000,370000
2016-03-13 22:00:40.567000,1.11471,1.11465,820000,370000
2016-03-13 22:00:40.871000,1.11467,1.11465,100000,370000
2016-03-13 22:00:41.023000,1.11469,1.11465,100000,370000
2016-03-13 22:00:41.530000,1.11468,1.11465,100000,370000
2016-03-13 22:00:41.965000,1.11466,1.11465,100000,370000
2016-03-13 22:00:42.067000,1.11466,1.11462,100000,4500000
2016-03-13 22:00:42.118000,1.11464,1.11462,750000,3750000
2016-03-13 22:00:42.270000,1.11465,1.11460,100000,750000
2016-03-13 22:00:42.321000,1.11467,1.11460,100000,750000
2016-03-13 22:00:42.726000,1.11469,1.11460,820000,6000000
2016-03-13 22:00:43.182000,1.11466,1.11460,100000,750000
2016-03-13 22:00:43.688000,1.11467,1.11461,100000,6000000
2016-03-13 22:00:44.718000,1.11469,1.11461,100000,6000000
2016-03-13 22:00:45.224000,1.11470,1.11461,1500000,5250000
2016-03-13 22:00:46.544000,1.11470,1.11460,2320000,750000
2016-03-13 22:00:47.050000,1.11470,1.11461,820000,6000000
2016-03-13 22:00:48.267000,1.11470,1.11460,1570000,750000
2016-03-13 22:00:48.772000,1.11470,1.11461,820000,7690000
2016-03-13 22:00:48.882000,1.11470,1.11465,820000,750000
2016-03-13 22:00:49.419000,1.11470,1.11466,750000,5250000
2016-03-13 22:00:52.078000,1.11473,1.11469,2320000,370000
2016-03-13 22:00:52.616000,1.11473,1.11470,1500000,370000
2016-03-13 22:00:56.492000,1.11473,1.11469,1570000,370000
2016-03-13 22:00:56.999000,1.11473,1.11470,1500000,370000
2016-03-13 22:00:58.704000,1.11471,1.11470,750000,370000
2016-03-13 22:00:59.083000,1.11474,1.11470,750000,370000
2016-03-13 22:00:59.590000,1.11475,1.11470,750000,370000
2016-03-13 22:01:00.710000,1.11474,1.11470,750000,370000
2016-03-13 22:01:01.230000,1.11475,1.11470,1500000,370000
2016-03-13 22:01:02.098000,1.11474,1.11470,750000,370000
2016-03-13 22:01:02.626000,1.11475,1.11470,1500000,370000
2016-03-13 22:01:03.233000,1.11475,1.11469,750000,370000
2016-03-13 22:01:03.739000,1.11475,1.11470,1870000,370000
2016-03-13 22:01:04.245000,1.11474,1.11470,750000,370000
2016-03-13 22:01:04.994000,1.11475,1.11470,1500000,370000
2016-03-13 22:01:05.502000,1.11474,1.11470,750000,370000
2016-03-13 22:01:06.009000,1.11475,1.11470,1500000,370000
2016-03-13 22:01:06.597000,1.11474,1.11470,750000,450000
2016-03-13 22:01:07.128000,1.11475,1.11470,1500000,450000
2016-03-13 22:01:08.431000,1.11478,1.11470,2250000,450000
2016-03-13 22:01:08.482000,1.11478,1.11477,2250000,100000
2016-03-13 22:01:08.789000,1.11489,1.11488,750000,300000
2016-03-13 22:01:08.840000,1.11488,1.11487,370000,100000
2016-03-13 22:01:09.376000,1.11489,1.11488,750000,100000
2016-03-13 22:01:10.282000,1.11486,1.11485,750000,750000
2016-03-13 22:01:10.384000,1.11489,1.11488,750000,100000
2016-03-13 22:01:10.435000,1.11498,1.11488,750000,100000
2016-03-13 22:01:10.537000,1.11500,1.11488,370000,100000
2016-03-13 22:01:11.083000,1.11501,1.11488,3000000,100000
2016-03-13 22:01:11.595000,1.11500,1.11488,750000,100000
2016-03-13 22:01:12.848000,1.11502,1.11488,750000,100000
2016-03-13 22:01:13.355000,1.11489,1.11488,100000,100000
2016-03-13 22:01:13.558000,1.11486,1.11485,100000,3750000
2016-03-13 22:01:14.066000,1.11487,1.11486,100000,1500000
2016-03-13 22:01:14.353000,1.11489,1.11488,100000,100000
2016-03-13 22:01:14.655000,1.11502,1.11488,470000,100000
2016-03-13 22:01:15.515000,1.11502,1.11493,470000,100000
2016-03-13 22:01:15.854000,1.11494,1.11493,370000,100000
2016-03-13 22:01:16.357000,1.11493,1.11492,370000,100000
2016-03-13 22:01:16.509000,1.11489,1.11488,370000,100000
2016-03-13 22:01:16.712000,1.11489,1.11488,750000,100000
2016-03-13 22:01:17.227000,1.11489,1.11488,750000,100000
2016-03-13 22:01:17.784000,1.11487,1.11486,100000,1870000
2016-03-13 22:01:17.937000,1.11489,1.11488,750000,100000
2016-03-13 22:01:18.291000,1.11487,1.11486,100000,370000
2016-03-13 22:01:18.393000,1.11489,1.11488,750000,100000
2016-03-13 22:01:18.747000,1.11486,1.11485,750000,3000000
2016-03-13 22:01:19.254000,1.11487,1.11486,100000,1500000
2016-03-13 22:01:19.898000,1.11487,1.11486,100000,1500000
2016-03-13 22:01:20.404000,1.11488,1.11486,100000,1570000
2016-03-13 22:01:20.910000,1.11487,1.11486,100000,1570000
2016-03-13 22:01:21.418000,1.11487,1.11486,100000,2400000
2016-03-13 22:01:21.927000,1.11489,1.11488,100000,1500000
2016-03-13 22:01:22.129000,1.11505,1.11488,370000,1570000
2016-03-13 22:01:22.333000,1.11489,1.11488,750000,100000
2016-03-13 22:01:22.434000,1.11506,1.11488,370000,1570000
2016-03-13 22:01:22.536000,1.11489,1.11488,100000,1570000
2016-03-13 22:01:25.350000,1.11487,1.11486,750000,820000
2016-03-13 22:01:25.872000,1.11486,1.11485,750000,3750000
2016-03-13 22:01:26.378000,1.11486,1.11485,750000,4120000
2016-03-13 22:01:26.928000,1.11484,1.11483,370000,820000
2016-03-13 22:01:31.819000,1.11486,1.11484,370000,820000
2016-03-13 22:01:31.870000,1.11487,1.11486,370000,1500000
2016-03-13 22:01:32.398000,1.11502,1.11486,750000,1500000
2016-03-13 22:01:32.500000,1.11483,1.11482,370000,2620000
2016-03-13 22:01:33.050000,1.11485,1.11484,370000,1570000
2016-03-13 22:01:35.356000,1.11483,1.11482,750000,370000
2016-03-13 22:01:35.660000,1.11492,1.11488,750000,750000
2016-03-13 22:01:35.762000,1.11487,1.11486,750000,1500000
2016-03-13 22:01:36.270000,1.11487,1.11485,750000,3000000
2016-03-13 22:01:36.811000,1.11487,1.11486,750000,1500000
2016-03-13 22:01:37.902000,1.11487,1.11485,750000,3750000
2016-03-13 22:01:38.205000,1.11489,1.11488,370000,1500000
2016-03-13 22:01:38.256000,1.11489,1.11488,750000,1500000
2016-03-13 22:01:38.800000,1.11490,1.11489,370000,6000000
2016-03-13 22:01:39.477000,1.11490,1.11489,370000,6750000
2016-03-13 22:01:39.680000,1.11493,1.11492,370000,750000
2016-03-13 22:01:39.891000,1.11513,1.11494,1500000,1500000
2016-03-13 22:01:40.701000,1.11514,1.11494,1500000,1500000
2016-03-13 22:01:41.245000,1.11514,1.11493,1500000,1500000
2016-03-13 22:01:41.397000,1.11494,1.11493,370000,1500000
2016-03-13 22:01:41.908000,1.11495,1.11494,750000,1500000
2016-03-13 22:01:42.450000,1.11494,1.11493,750000,1500000
2016-03-13 22:01:42.999000,1.11514,1.11494,1500000,1500000
2016-03-13 22:01:43.603000,1.11515,1.11493,3370000,1500000
2016-03-13 22:01:44.154000,1.11514,1.11494,1500000,1500000
2016-03-13 22:01:44.857000,1.11515,1.11493,3370000,1500000
2016-03-13 22:01:45.259000,1.11514,1.11495,1500000,1500000
2016-03-13 22:01:45.801000,1.11515,1.11495,3370000,3370000
2016-03-13 22:01:47.923000,1.11496,1.11495,370000,1500000
2016-03-13 22:01:47.974000,1.11493,1.11492,370000,750000
2016-03-13 22:01:51.957000,1.11496,1.11493,750000,1500000
2016-03-13 22:01:52.008000,1.11502,1.11501,750000,750000
2016-03-13 22:01:52.312000,1.11491,1.11490,750000,750000
2016-03-13 22:01:52.414000,1.11489,1.11488,750000,1570000
2016-03-13 22:01:55.791000,1.11490,1.11488,370000,1570000
2016-03-13 22:01:55.911000,1.11491,1.11490,370000,370000
2016-03-13 22:01:56.240000,1.11489,1.11488,370000,1570000
2016-03-13 22:01:57.436000,1.11509,1.11488,750000,820000
2016-03-13 22:01:57.487000,1.11509,1.11490,750000,370000
2016-03-13 22:01:57.538000,1.11515,1.11491,750000,750000
2016-03-13 22:01:58.052000,1.11516,1.11491,1500000,750000
2016-03-13 22:01:58.558000,1.11515,1.11491,750000,750000
2016-03-13 22:01:59.854000,1.11515,1.11494,2250000,1500000
2016-03-13 22:02:00.158000,1.11507,1.11489,750000,1500000
2016-03-13 22:02:00.900000,1.11507,1.11487,940000,1500000
2016-03-13 22:02:01.305000,1.11507,1.11489,750000,1500000
2016-03-13 22:02:02.334000,1.11506,1.11489,750000,1500000
2016-03-13 22:02:02.690000,1.11506,1.11487,750000,1500000
2016-03-13 22:02:02.994000,1.11506,1.11489,750000,1500000
2016-03-13 22:02:03.565000,1.11506,1.11488,750000,1500000
2016-03-13 22:02:04.098000,1.11506,1.11489,750000,1500000
2016-03-13 22:02:05.315000,1.11506,1.11488,750000,1500000
2016-03-13 22:02:06.186000,1.11506,1.11489,750000,1500000
2016-03-13 22:02:06.692000,1.11506,1.11488,750000,1500000
2016-03-13 22:02:07.210000,1.11506,1.11489,750000,1500000
2016-03-13 22:02:07.615000,1.11506,1.11487,750000,1500000
2016-03-13 22:02:08.021000,1.11506,1.11489,750000,2250000
2016-03-13 22:02:08.426000,1.11507,1.11487,750000,1500000
2016-03-13 22:02:08.966000,1.11506,1.11488,750000,1500000
2016-03-13 22:02:10.028000,1.11506,1.11489,750000,1500000
2016-03-13 22:02:10.537000,1.11506,1.11488,750000,1500000
2016-03-13 22:02:11.082000,1.11506,1.11489,750000,1500000
2016-03-13 22:02:11.588000,1.11506,1.11488,750000,1500000
2016-03-13 22:02:12.095000,1.11506,1.11489,750000,1500000
2016-03-13 22:02:12.536000,1.11506,1.11487,750000,1500000
2016-03-13 22:02:13.042000,1.11506,1.11489,750000,1500000
2016-03-13 22:02:13.497000,1.11507,1.11487,750000,3750000
2016-03-13 22:02:14.004000,1.11506,1.11489,750000,1500000
2016-03-13 22:02:14.509000,1.11506,1.11488,750000,1500000
2016-03-13 22:02:15.134000,1.11506,1.11489,750000,2250000
2016-03-13 22:02:15.640000,1.11506,1.11488,750000,1500000
2016-03-13 22:02:16.186000,1.11506,1.11489,750000,2250000
2016-03-13 22:02:16.692000,1.11506,1.11488,750000,1500000
2016-03-13 22:02:17.196000,1.11506,1.11489,750000,1500000
2016-03-13 22:02:17.651000,1.11506,1.11487,750000,1570000
2016-03-13 22:02:18.196000,1.11506,1.11488,750000,1500000
2016-03-13 22:02:18.348000,1.11506,1.11486,750000,2250000
2016-03-13 22:02:18.652000,1.11504,1.11487,750000,3300000
2016-03-13 22:02:19.057000,1.11506,1.11487,1120000,2250000
2016-03-13 22:02:19.462000,1.11506,1.11489,1120000,2250000
2016-03-13 22:02:19.968000,1.11506,1.11488,750000,1500000
2016-03-13 22:02:20.677000,1.11505,1.11488,750000,2250000
2016-03-13 22:02:21.140000,1.11507,1.11488,750000,1500000
2016-03-13 22:02:21.647000,1.11507,1.11489,750000,1500000
2016-03-13 22:02:22.051000,1.11506,1.11487,750000,2250000
2016-03-13 22:02:22.658000,1.11506,1.11488,750000,1500000
2016-03-13 22:02:23.171000,1.11505,1.11488,750000,2250000
2016-03-13 22:02:23.374000,1.11507,1.11488,1500000,1500000
2016-03-13 22:02:23.881000,1.11505,1.11488,750000,1500000
2016-03-13 22:02:24.407000,1.11506,1.11488,750000,750000
2016-03-13 22:02:24.913000,1.11505,1.11487,750000,1500000
2016-03-13 22:02:25.426000,1.11506,1.11487,750000,2250000
2016-03-13 22:02:25.984000,1.11507,1.11487,820000,2250000
2016-03-13 22:02:26.490000,1.11505,1.11488,750000,1500000
2016-03-13 22:02:26.946000,1.11506,1.11485,750000,4500000
2016-03-13 22:02:27.466000,1.11505,1.11486,750000,2250000
2016-03-13 22:02:27.972000,1.11506,1.11487,1500000,1500000
2016-03-13 22:02:28.781000,1.11507,1.11487,1120000,2250000
2016-03-13 22:02:29.085000,1.11506,1.11489,750000,750000
2016-03-13 22:02:29.187000,1.11505,1.11487,750000,3370000
2016-03-13 22:02:29.695000,1.11507,1.11488,1120000,2250000
2016-03-13 22:02:29.898000,1.11506,1.11486,750000,2250000
2016-03-13 22:02:30,1.11506,1.11488,750000,3000000
2016-03-13 22:02:30.482000,1.11506,1.11490,750000,750000
2016-03-13 22:02:30.988000,1.11507,1.11489,750000,750000
2016-03-13 22:02:31.497000,1.11506,1.11489,750000,1500000
2016-03-13 22:02:32.018000,1.11506,1.11488,750000,2250000
2016-03-13 22:02:32.552000,1.11506,1.11489,750000,750000
2016-03-13 22:02:32.871000,1.11506,1.11487,750000,2320000
2016-03-13 22:02:33.380000,1.11506,1.11488,750000,750000
2016-03-13 22:02:33.964000,1.11506,1.11490,750000,1500000
2016-03-13 22:02:34.437000,1.11506,1.11488,750000,1500000
2016-03-13 22:02:34.943000,1.11506,1.11489,750000,750000
2016-03-13 22:02:35.499000,1.11506,1.11488,750000,2250000
2016-03-13 22:02:36.211000,1.11506,1.11489,750000,750000
2016-03-13 22:02:36.718000,1.11506,1.11488,750000,1500000
2016-03-13 22:02:37.282000,1.11506,1.11489,750000,750000
2016-03-13 22:02:38.107000,1.11506,1.11488,750000,3000000
2016-03-13 22:02:38.613000,1.11506,1.11489,750000,750000
2016-03-13 22:02:39.120000,1.11506,1.11490,750000,3300000
2016-03-13 22:02:39.636000,1.11506,1.11488,750000,2250000
2016-03-13 22:02:40.143000,1.11506,1.11489,750000,750000
2016-03-13 22:02:40.649000,1.11506,1.11490,750000,5250000
2016-03-13 22:02:40.751000,1.11506,1.11488,750000,750000
2016-03-13 22:02:41.257000,1.11506,1.11489,750000,750000
2016-03-13 22:02:42.346000,1.11506,1.11490,750000,370000
2016-03-13 22:02:42.886000,1.11506,1.11489,750000,750000
2016-03-13 22:02:43.392000,1.11506,1.11488,750000,1500000
2016-03-13 22:02:43.999000,1.11506,1.11489,750000,750000
2016-03-13 22:02:44.818000,1.11506,1.11488,750000,2250000
2016-03-13 22:02:45.425000,1.11506,1.11489,750000,750000
2016-03-13 22:02:46.304000,1.11506,1.11490,750000,750000
2016-03-13 22:02:46.811000,1.11506,1.11488,750000,2250000
2016-03-13 22:02:46.913000,1.11506,1.11490,750000,750000
2016-03-13 22:02:47.419000,1.11505,1.11489,370000,750000
2016-03-13 22:02:47.955000,1.11506,1.11487,1120000,3000000
2016-03-13 22:02:48.005000,1.11506,1.11489,1120000,750000
2016-03-13 22:02:48.513000,1.11505,1.11488,370000,2250000
2016-03-13 22:02:48.867000,1.11505,1.11490,370000,370000
2016-03-13 22:02:49.123000,1.11505,1.11488,370000,2250000
2016-03-13 22:02:49.472000,1.11505,1.11490,370000,370000
2016-03-13 22:02:49.725000,1.11505,1.11488,370000,2250000
2016-03-13 22:02:50.079000,1.11505,1.11490,370000,370000
2016-03-13 22:02:50.332000,1.11505,1.11488,370000,2250000
2016-03-13 22:02:50.687000,1.11505,1.11490,370000,370000
2016-03-13 22:02:50.963000,1.11505,1.11487,370000,2250000
2016-03-13 22:02:51.166000,1.11505,1.11489,370000,1120000
2016-03-13 22:02:51.627000,1.11505,1.11487,370000,750000
2016-03-13 22:02:51.729000,1.11505,1.11489,370000,1050000
2016-03-13 22:02:52.244000,1.11506,1.11487,370000,2250000
2016-03-13 22:02:52.446000,1.11506,1.11490,1120000,750000
2016-03-13 22:02:52.852000,1.11505,1.11488,370000,750000
2016-03-13 22:02:53.004000,1.11505,1.11490,370000,750000
2016-03-13 22:02:55.013000,1.11506,1.11490,1120000,750000
2016-03-13 22:02:55.552000,1.11505,1.11490,370000,750000
2016-03-13 22:02:56.723000,1.11506,1.11490,1120000,750000
2016-03-13 22:02:57.390000,1.11505,1.11490,370000,750000
2016-03-13 22:02:58.393000,1.11506,1.11490,1120000,750000
2016-03-13 22:02:58.894000,1.11505,1.11490,370000,750000
2016-03-13 22:02:59.763000,1.11505,1.11489,370000,1870000
2016-03-13 22:03:00.270000,1.11505,1.11490,370000,750000
2016-03-13 22:03:00.883000,1.11505,1.11489,370000,1870000
2016-03-13 22:03:01.938000,1.11506,1.11489,1120000,1500000
2016-03-13 22:03:02.266000,1.11505,1.11487,370000,4500000
2016-03-13 22:03:02.368000,1.11505,1.11490,370000,750000
2016-03-13 22:03:02.788000,1.11506,1.11487,1120000,2250000
2016-03-13 22:03:02.940000,1.11505,1.11490,370000,750000
2016-03-13 22:03:03.345000,1.11505,1.11488,370000,1500000
2016-03-13 22:03:03.547000,1.11505,1.11490,370000,750000
2016-03-13 22:03:03.980000,1.11505,1.11488,370000,2250000
2016-03-13 22:03:04.183000,1.11505,1.11490,370000,750000
2016-03-13 22:03:04.552000,1.11505,1.11487,370000,2250000
2016-03-13 22:03:04.755000,1.11505,1.11489,370000,3370000
2016-03-13 22:03:05.261000,1.11506,1.11488,750000,2250000
2016-03-13 22:03:05.565000,1.11506,1.11490,750000,370000
2016-03-13 22:03:05.762000,1.11506,1.11488,750000,2250000
2016-03-13 22:03:06.127000,1.11506,1.11490,750000,370000
2016-03-13 22:03:06.446000,1.11506,1.11488,750000,1500000
2016-03-13 22:03:06.598000,1.11506,1.11490,750000,750000
2016-03-13 22:03:07.016000,1.11506,1.11487,750000,2250000
2016-03-13 22:03:07.269000,1.11506,1.11489,750000,3370000
2016-03-13 22:03:07.787000,1.11506,1.11490,750000,750000
2016-03-13 22:03:08.282000,1.11506,1.11488,750000,750000
2016-03-13 22:03:08.384000,1.11506,1.11490,750000,750000
2016-03-13 22:03:08.920000,1.11507,1.11489,750000,3370000
2016-03-13 22:03:09.436000,1.11506,1.11489,750000,2550000
2016-03-13 22:03:09.951000,1.11506,1.11490,750000,370000
2016-03-13 22:03:10.076000,1.11506,1.11488,750000,2250000
2016-03-13 22:03:10.431000,1.11506,1.11490,750000,370000
2016-03-13 22:03:10.683000,1.11507,1.11488,750000,2250000
2016-03-13 22:03:11.037000,1.11507,1.11490,750000,370000
2016-03-13 22:03:11.317000,1.11506,1.11488,750000,2250000
2016-03-13 22:03:11.629000,1.11506,1.11490,750000,370000
2016-03-13 22:03:11.933000,1.11506,1.11487,750000,2250000
2016-03-13 22:03:12.084000,1.11506,1.11490,750000,750000
2016-03-13 22:03:12.489000,1.11507,1.11488,750000,2250000
2016-03-13 22:03:12.691000,1.11506,1.11490,750000,750000
2016-03-13 22:03:13.096000,1.11506,1.11488,750000,750000
2016-03-13 22:03:13.298000,1.11506,1.11490,750000,750000
2016-03-13 22:03:13.703000,1.11506,1.11488,750000,750000
2016-03-13 22:03:13.804000,1.11506,1.11490,750000,750000
2016-03-13 22:03:14.260000,1.11506,1.11488,750000,750000
2016-03-13 22:03:14.412000,1.11506,1.11490,750000,750000
2016-03-13 22:03:14.918000,1.11507,1.11488,750000,750000
2016-03-13 22:03:15.070000,1.11507,1.11493,750000,750000
2016-03-13 22:03:15.374000,1.11507,1.11490,750000,370000
2016-03-13 22:03:15.678000,1.11506,1.11492,750000,750000
2016-03-13 22:03:15.982000,1.11506,1.11490,750000,370000
2016-03-13 22:03:16.088000,1.11506,1.11492,750000,750000
2016-03-13 22:03:16.394000,1.11507,1.11495,750000,750000
2016-03-13 22:03:16.444000,1.11506,1.11492,750000,750000
2016-03-13 22:03:16.495000,1.11506,1.11490,750000,750000
2016-03-13 22:03:16.597000,1.11507,1.11495,750000,750000
2016-03-13 22:03:16.922000,1.11507,1.11497,750000,750000
2016-03-13 22:03:17.011000,1.11506,1.11491,750000,750000
2016-03-13 22:03:17.115000,1.11506,1.11495,750000,750000
2016-03-13 22:03:17.443000,1.11507,1.11497,750000,750000
2016-03-13 22:03:17.546000,1.11506,1.11495,750000,750000
2016-03-13 22:03:17.597000,1.11506,1.11491,750000,750000
2016-03-13 22:03:17.698000,1.11507,1.11493,750000,750000
2016-03-13 22:03:18.002000,1.11507,1.11495,750000,1120000
2016-03-13 22:03:18.534000,1.11506,1.11496,750000,750000
2016-03-13 22:03:18.686000,1.11506,1.11490,750000,750000
2016-03-13 22:03:18.837000,1.11507,1.11497,750000,750000
2016-03-13 22:03:19.170000,1.11507,1.11493,750000,3340000
2016-03-13 22:03:19.322000,1.11506,1.11489,750000,3000000
2016-03-13 22:03:19.373000,1.11506,1.11497,750000,750000
2016-03-13 22:03:19.778000,1.11507,1.11493,750000,3340000
2016-03-13 22:03:19.829000,1.11507,1.11490,750000,750000
2016-03-13 22:03:19.930000,1.11506,1.11492,750000,750000
2016-03-13 22:03:20.083000,1.11506,1.11490,750000,370000
2016-03-13 22:03:20.134000,1.11506,1.11492,750000,750000
2016-03-13 22:03:20.589000,1.11506,1.11489,750000,3000000
2016-03-13 22:03:20.639000,1.11506,1.11495,750000,750000
2016-03-13 22:03:21.053000,1.11506,1.11493,750000,750000
2016-03-13 22:03:21.104000,1.11506,1.11491,750000,2250000
2016-03-13 22:03:21.155000,1.11506,1.11489,750000,3000000
2016-03-13 22:03:21.256000,1.11509,1.11495,370000,750000
2016-03-13 22:03:21.561000,1.11506,1.11494,750000,750000
2016-03-13 22:03:21.713000,1.11506,1.11491,750000,750000
2016-03-13 22:03:21.764000,1.11507,1.11496,750000,750000
2016-03-13 22:03:22.169000,1.11506,1.11494,750000,1500000
2016-03-13 22:03:22.220000,1.11506,1.11492,750000,750000
2016-03-13 22:03:22.372000,1.11506,1.11496,750000,750000
2016-03-13 22:03:22.764000,1.11506,1.11494,750000,750000
2016-03-13 22:03:22.815000,1.11506,1.11491,750000,750000
2016-03-13 22:03:22.967000,1.11506,1.11495,750000,750000
2016-03-13 22:03:23.271000,1.11506,1.11493,750000,1500000
2016-03-13 22:03:23.424000,1.11506,1.11491,750000,820000
2016-03-13 22:03:23.475000,1.11507,1.11496,750000,750000
2016-03-13 22:03:23.882000,1.11506,1.11494,750000,750000
2016-03-13 22:03:23.933000,1.11506,1.11491,750000,750000
2016-03-13 22:03:24.085000,1.11507,1.11496,750000,750000
2016-03-13 22:03:24.345000,1.11506,1.11494,750000,1500000
2016-03-13 22:03:24.497000,1.11506,1.11491,750000,750000
2016-03-13 22:03:24.548000,1.11507,1.11496,750000,750000
2016-03-13 22:03:24.951000,1.11506,1.11494,750000,1500000
2016-03-13 22:03:25.053000,1.11506,1.11491,750000,750000
2016-03-13 22:03:25.154000,1.11507,1.11496,750000,750000
2016-03-13 22:03:25.558000,1.11506,1.11494,750000,750000
2016-03-13 22:03:25.609000,1.11506,1.11491,750000,820000
2016-03-13 22:03:25.762000,1.11506,1.11496,750000,750000
2016-03-13 22:03:26.066000,1.11506,1.11494,750000,750000
2016-03-13 22:03:26.117000,1.11506,1.11492,750000,750000
2016-03-13 22:03:26.269000,1.11506,1.11495,750000,750000
2016-03-13 22:03:26.675000,1.11506,1.11493,750000,750000
2016-03-13 22:03:26.777000,1.11506,1.11491,750000,750000
2016-03-13 22:03:26.878000,1.11506,1.11494,750000,750000
2016-03-13 22:03:27.283000,1.11506,1.11492,750000,3340000
2016-03-13 22:03:27.385000,1.11506,1.11495,750000,750000
2016-03-13 22:03:27.789000,1.11506,1.11492,750000,4090000
2016-03-13 22:03:27.992000,1.11506,1.11495,750000,750000
2016-03-13 22:03:28.462000,1.11506,1.11492,750000,750000
2016-03-13 22:03:28.564000,1.11506,1.11496,750000,750000
2016-03-13 22:03:28.871000,1.11506,1.11494,750000,750000
2016-03-13 22:03:28.922000,1.11506,1.11492,750000,1500000
2016-03-13 22:03:28.973000,1.11506,1.11490,750000,5320000
2016-03-13 22:03:29.075000,1.11506,1.11495,750000,750000
2016-03-13 22:03:29.480000,1.11506,1.11492,750000,4090000
2016-03-13 22:03:29.683000,1.11506,1.11495,750000,750000
2016-03-13 22:03:30.097000,1.11507,1.11492,750000,4090000
2016-03-13 22:03:30.300000,1.11507,1.11496,750000,750000
2016-03-13 22:03:30.571000,1.11506,1.11494,750000,750000
2016-03-13 22:03:30.622000,1.11506,1.11491,750000,750000
2016-03-13 22:03:30.774000,1.11507,1.11496,750000,750000
2016-03-13 22:03:31.185000,1.11506,1.11494,750000,750000
2016-03-13 22:03:31.236000,1.11506,1.11491,750000,750000
2016-03-13 22:03:31.389000,1.11507,1.11496,750000,750000
2016-03-13 22:03:31.693000,1.11507,1.11494,750000,1500000
2016-03-13 22:03:31.812000,1.11506,1.11492,750000,750000
2016-03-13 22:03:31.864000,1.11507,1.11496,750000,750000
2016-03-13 22:03:32.279000,1.11506,1.11494,750000,1500000
2016-03-13 22:03:32.440000,1.11506,1.11490,750000,1570000
2016-03-13 22:03:32.491000,1.11507,1.11496,750000,750000
2016-03-13 22:03:32.795000,1.11506,1.11494,750000,750000
2016-03-13 22:03:32.846000,1.11506,1.11491,750000,3000000
2016-03-13 22:03:32.998000,1.11506,1.11495,750000,750000
2016-03-13 22:03:33.403000,1.11507,1.11492,750000,4090000
2016-03-13 22:03:33.606000,1.11507,1.11496,750000,750000
2016-03-13 22:03:33.961000,1.11506,1.11491,750000,750000
2016-03-13 22:03:34.164000,1.11506,1.11496,750000,750000
2016-03-13 22:03:34.490000,1.11507,1.11493,750000,1500000
2016-03-13 22:03:34.693000,1.11507,1.11496,750000,750000
2016-03-13 22:03:35.063000,1.11506,1.11494,750000,750000
2016-03-13 22:03:35.114000,1.11506,1.11492,750000,3370000
2016-03-13 22:03:35.165000,1.11506,1.11490,750000,3450000
2016-03-13 22:03:35.267000,1.11506,1.11496,750000,750000
2016-03-13 22:03:35.700000,1.11510,1.11495,1870000,600000
2016-03-13 22:03:35.751000,1.11512,1.11495,1500000,1350000
2016-03-13 22:03:35.802000,1.11513,1.11498,2250000,750000
2016-03-13 22:03:35.853000,1.11515,1.11498,370000,750000
2016-03-13 22:03:35.904000,1.11513,1.11497,750000,820000
2016-03-13 22:03:36.223000,1.11509,1.11499,450000,750000
2016-03-13 22:03:36.528000,1.11509,1.11501,450000,750000
2016-03-13 22:03:36.984000,1.11509,1.11503,450000,750000
2016-03-13 22:03:37.288000,1.11509,1.11501,450000,100000
2016-03-13 22:03:37.896000,1.11509,1.11502,450000,750000
2016-03-13 22:03:38.403000,1.11509,1.11503,450000,750000
2016-03-13 22:03:38.504000,1.11509,1.11501,450000,1500000
2016-03-13 22:03:38.960000,1.11509,1.11503,450000,100000
2016-03-13 22:03:39.264000,1.11509,1.11505,450000,750000
2016-03-13 22:03:39.315000,1.11509,1.11502,450000,750000
2016-03-13 22:03:39.517000,1.11510,1.11504,450000,750000
2016-03-13 22:03:39.974000,1.11509,1.11502,450000,750000
2016-03-13 22:03:40.176000,1.11509,1.11505,450000,750000
2016-03-13 22:03:40.481000,1.11509,1.11502,450000,820000
2016-03-13 22:03:40.785000,1.11509,1.11504,450000,750000
2016-03-13 22:03:41.190000,1.11510,1.11502,450000,750000
2016-03-13 22:03:41.428000,1.11509,1.11504,450000,750000
2016-03-13 22:03:41.784000,1.11509,1.11502,450000,750000
2016-03-13 22:03:41.987000,1.11509,1.11505,450000,750000
2016-03-13 22:03:42.423000,1.11509,1.11502,450000,820000
2016-03-13 22:03:42.676000,1.11509,1.11505,450000,750000
2016-03-13 22:03:42.980000,1.11509,1.11502,450000,750000
2016-03-13 22:03:43.184000,1.11509,1.11505,450000,750000
2016-03-13 22:03:43.589000,1.11509,1.11503,450000,100000
2016-03-13 22:03:43.691000,1.11509,1.11501,450000,820000
2016-03-13 22:03:43.894000,1.11509,1.11505,450000,750000
2016-03-13 22:03:44.214000,1.11509,1.11502,450000,750000
2016-03-13 22:03:44.518000,1.11509,1.11505,450000,750000
2016-03-13 22:03:44.822000,1.11509,1.11503,450000,100000
2016-03-13 22:03:44.923000,1.11509,1.11501,450000,820000
2016-03-13 22:03:45.111000,1.11509,1.11505,450000,750000
2016-03-13 22:03:45.393000,1.11509,1.11503,450000,100000
2016-03-13 22:03:45.494000,1.11509,1.11501,450000,820000
2016-03-13 22:03:45.798000,1.11509,1.11505,450000,750000
2016-03-13 22:03:46.124000,1.11509,1.11502,450000,750000
2016-03-13 22:03:46.327000,1.11509,1.11505,450000,750000
2016-03-13 22:03:46.682000,1.11509,1.11503,450000,100000
2016-03-13 22:03:46.884000,1.11509,1.11501,450000,820000
2016-03-13 22:03:46.986000,1.11509,1.11505,450000,750000
2016-03-13 22:03:47.312000,1.11509,1.11502,450000,750000
2016-03-13 22:03:47.616000,1.11509,1.11505,450000,750000
2016-03-13 22:03:47.889000,1.11509,1.11503,450000,100000
2016-03-13 22:03:48.193000,1.11509,1.11505,450000,750000
2016-03-13 22:03:48.497000,1.11509,1.11503,450000,100000
2016-03-13 22:03:48.802000,1.11509,1.11505,450000,750000
2016-03-13 22:03:49.105000,1.11509,1.11503,450000,100000
2016-03-13 22:03:49.387000,1.11509,1.11501,450000,820000
2016-03-13 22:03:49.438000,1.11509,1.11503,450000,100000
2016-03-13 22:03:49.742000,1.11509,1.11505,450000,750000
2016-03-13 22:03:49.793000,1.11509,1.11502,450000,820000
2016-03-13 22:03:49.996000,1.11509,1.11505,450000,750000
2016-03-13 22:03:50.432000,1.11509,1.11502,450000,750000
2016-03-13 22:03:50.635000,1.11509,1.11505,450000,750000
2016-03-13 22:03:51.033000,1.11509,1.11502,450000,750000
2016-03-13 22:03:51.325000,1.11509,1.11505,450000,750000
2016-03-13 22:03:51.629000,1.11509,1.11503,450000,100000
2016-03-13 22:03:51.939000,1.11509,1.11505,450000,750000
2016-03-13 22:03:52.192000,1.11509,1.11503,450000,100000
2016-03-13 22:03:52.496000,1.11510,1.11505,450000,750000
2016-03-13 22:03:52.838000,1.11509,1.11503,450000,100000
2016-03-13 22:03:52.889000,1.11509,1.11501,450000,820000
2016-03-13 22:03:53.111000,1.11509,1.11505,450000,750000
2016-03-13 22:03:53.516000,1.11510,1.11502,450000,750000
2016-03-13 22:03:53.820000,1.11509,1.11505,450000,750000
2016-03-13 22:03:54.124000,1.11509,1.11502,450000,750000
2016-03-13 22:03:54.428000,1.11509,1.11505,450000,750000
2016-03-13 22:03:54.701000,1.11509,1.11502,450000,750000
2016-03-13 22:03:55.031000,1.11509,1.11505,450000,750000
2016-03-13 22:03:55.336000,1.11509,1.11502,450000,750000
2016-03-13 22:03:55.640000,1.11509,1.11505,450000,750000
2016-03-13 22:03:55.944000,1.11509,1.11503,450000,100000
2016-03-13 22:03:56.248000,1.11509,1.11505,450000,750000
2016-03-13 22:03:56.515000,1.11509,1.11502,450000,750000
2016-03-13 22:03:56.803000,1.11509,1.11504,450000,750000
2016-03-13 22:03:56.905000,1.11509,1.11500,450000,220000
2016-03-13 22:03:57.411000,1.11509,1.11502,450000,750000
2016-03-13 22:03:57.918000,1.11509,1.11501,450000,100000
2016-03-13 22:03:58.424000,1.11509,1.11500,450000,970000
2016-03-13 22:03:58.743000,1.11509,1.11503,450000,750000
2016-03-13 22:03:59.049000,1.11509,1.11501,450000,100000
2016-03-13 22:03:59.202000,1.11509,1.11503,450000,100000
2016-03-13 22:03:59.309000,1.11509,1.11501,450000,820000
2016-03-13 22:03:59.816000,1.11510,1.11502,450000,750000
2016-03-13 22:04:00.337000,1.11509,1.11501,450000,820000
2016-03-13 22:04:00.540000,1.11509,1.11503,450000,750000
2016-03-13 22:04:00.692000,1.11514,1.11504,450000,220000
2016-03-13 22:04:00.794000,1.11519,1.11504,450000,750000
2016-03-13 22:04:01.149000,1.11517,1.11500,1000000,4500000
2016-03-13 22:04:01.655000,1.11518,1.11500,1000000,4500000
2016-03-13 22:04:02.180000,1.11519,1.11500,1000000,4500000
2016-03-13 22:04:02.858000,1.11518,1.11500,1000000,4500000
2016-03-13 22:04:05.420000,1.11519,1.11500,1000000,4720000
2016-03-13 22:04:10.251000,1.11520,1.11500,1500000,4720000
2016-03-13 22:04:10.410000,1.11520,1.11500,1500000,4200000
2016-03-13 22:04:10.916000,1.11520,1.11501,1500000,1500000
2016-03-13 22:04:11.901000,1.11520,1.11500,1500000,4200000
2016-03-13 22:04:12.443000,1.11520,1.11501,1500000,1500000
2016-03-13 22:04:12.945000,1.11520,1.11500,1500000,4200000
2016-03-13 22:04:13.446000,1.11520,1.11501,1500000,1500000
2016-03-13 22:04:14.528000,1.11520,1.11500,1500000,4200000
2016-03-13 22:04:15.057000,1.11520,1.11501,1500000,1500000
2016-03-13 22:04:15.261000,1.11521,1.11502,1370000,1570000
2016-03-13 22:04:15.802000,1.11524,1.11502,1000000,1950000
2016-03-13 22:04:16.390000,1.11523,1.11503,1000000,1950000
2016-03-13 22:04:18.863000,1.11524,1.11503,1000000,1950000
2016-03-13 22:04:19.378000,1.11524,1.11504,1000000,1500000
2016-03-13 22:04:19.782000,1.11526,1.11505,1000000,3000000
2016-03-13 22:04:20.325000,1.11526,1.11505,1370000,3000000
2016-03-13 22:04:21.480000,1.11527,1.11505,1000000,3000000
2016-03-13 22:04:21.835000,1.11528,1.11507,1000000,1500000
2016-03-13 22:04:22.559000,1.11528,1.11506,1000000,1500000
2016-03-13 22:04:23.076000,1.11528,1.11507,1000000,1500000
2016-03-13 22:04:24.087000,1.11529,1.11507,1000000,1500000
2016-03-13 22:04:24.590000,1.11530,1.11507,4500000,1500000
2016-03-13 22:04:25.584000,1.11530,1.11508,1000000,1500000
2016-03-13 22:04:26.087000,1.11529,1.11508,1000000,1500000
2016-03-13 22:04:27.295000,1.11530,1.11508,1000000,1500000
2016-03-13 22:04:27.801000,1.11531,1.11507,1000000,1500000
2016-03-13 22:04:28.352000,1.11530,1.11508,1120000,1500000
2016-03-13 22:04:29.202000,1.11530,1.11507,1120000,1500000
2016-03-13 22:04:29.730000,1.11530,1.11508,1120000,1500000
2016-03-13 22:04:30.660000,1.11530,1.11507,1120000,1500000
2016-03-13 22:04:31.166000,1.11530,1.11509,1000000,1500000
2016-03-13 22:04:32.759000,1.11529,1.11509,1000000,1500000
2016-03-13 22:04:32.811000,1.11529,1.11505,1000000,3750000
2016-03-13 22:04:32.862000,1.11527,1.11505,1000000,3750000
2016-03-13 22:04:33.167000,1.11528,1.11507,1000000,1500000
2016-03-13 22:04:34.099000,1.11529,1.11508,1000000,1500000
2016-03-13 22:04:34.606000,1.11527,1.11507,1000000,1500000
2016-03-13 22:04:35.406000,1.11527,1.11506,1000000,2250000
2016-03-13 22:04:35.508000,1.11530,1.11508,2620000,1500000
2016-03-13 22:04:36.039000,1.11529,1.11507,1000000,1500000
2016-03-13 22:04:36.577000,1.11530,1.11508,1120000,1500000
2016-03-13 22:04:38.376000,1.11531,1.11508,2250000,1500000
2016-03-13 22:04:38.909000,1.11530,1.11508,1120000,1500000
2016-03-13 22:04:39.415000,1.11529,1.11508,1000000,1500000
2016-03-13 22:04:41.874000,1.11530,1.11508,1000000,1500000
2016-03-13 22:04:42.396000,1.11529,1.11508,1000000,1500000
2016-03-13 22:04:43.217000,1.11531,1.11508,1500000,1500000
2016-03-13 22:04:43.762000,1.11531,1.11508,1370000,1500000
2016-03-13 22:04:44.267000,1.11529,1.11507,1000000,2850000
2016-03-13 22:04:44.318000,1.11522,1.11507,1000000,2850000
2016-03-13 22:04:44.420000,1.11526,1.11505,3000000,1950000
2016-03-13 22:04:44.521000,1.11525,1.11505,1000000,3750000
2016-03-13 22:04:44.623000,1.11523,1.11505,1000000,1200000
2016-03-13 22:04:44.977000,1.11527,1.11504,1070000,1570000
2016-03-13 22:04:45.148000,1.11528,1.11507,1000000,1500000
2016-03-13 22:04:45.249000,1.11527,1.11505,1000000,2100000
2016-03-13 22:04:45.402000,1.11522,1.11505,1000000,2100000
2016-03-13 22:04:45.806000,1.11526,1.11504,1070000,1570000
2016-03-13 22:04:46.424000,1.11523,1.11505,1000000,4270000
2016-03-13 22:04:46.738000,1.11528,1.11502,1000000,3070000
2016-03-13 22:04:46.790000,1.11527,1.11506,1000000,1500000
2016-03-13 22:04:47.094000,1.11522,1.11505,1000000,1350000
2016-03-13 22:04:47.598000,1.11523,1.11505,1000000,1350000
2016-03-13 22:04:49.821000,1.11527,1.11505,2250000,9000000
2016-03-13 22:04:49.872000,1.11527,1.11507,1500000,1500000
2016-03-13 22:04:50.176000,1.11526,1.11506,1000000,1870000
2016-03-13 22:04:50.227000,1.11528,1.11506,1000000,1870000
2016-03-13 22:04:50.328000,1.11530,1.11508,1000000,2250000
2016-03-13 22:04:50.430000,1.11528,1.11508,1000000,2100000
2016-03-13 22:04:50.567000,1.11527,1.11506,1000000,1500000
2016-03-13 22:04:51.072000,1.11527,1.11507,1000000,2400000
2016-03-13 22:04:51.577000,1.11526,1.11505,1000000,7500000
2016-03-13 22:04:51.830000,1.11523,1.11505,1000000,9220000
2016-03-13 22:04:52.134000,1.11527,1.11506,1500000,1500000
2016-03-13 22:04:52.185000,1.11527,1.11508,1000000,1500000
2016-03-13 22:04:52.236000,1.11529,1.11508,1000000,1500000
2016-03-13 22:04:52.337000,1.11527,1.11508,1000000,1500000
2016-03-13 22:04:52.642000,1.11523,1.11505,1000000,5470000
2016-03-13 22:04:52.794000,1.11527,1.11508,1000000,1500000
2016-03-13 22:04:52.845000,1.11529,1.11508,2250000,1500000
2016-03-13 22:04:52.896000,1.11532,1.11509,1500000,1000000
2016-03-13 22:04:52.997000,1.11530,1.11508,1000000,1000000
2016-03-13 22:04:53.301000,1.11523,1.11505,1000000,2100000
2016-03-13 22:04:55.712000,1.11522,1.11505,1000000,2100000
2016-03-13 22:04:57.599000,1.11525,1.11505,1120000,4040000
2016-03-13 22:04:59.198000,1.11525,1.11506,1000000,1500000
2016-03-13 22:04:59.249000,1.11527,1.11506,1000000,1500000
2016-03-13 22:04:59.401000,1.11525,1.11505,1000000,4570000
2016-03-13 22:04:59.805000,1.11529,1.11506,1870000,1500000
2016-03-13 22:04:59.907000,1.11530,1.11508,1370000,1500000
2016-03-13 22:05:00.313000,1.11532,1.11510,2250000,3000000
2016-03-13 22:05:00.825000,1.11532,1.11511,1690000,1500000
2016-03-13 22:05:01.408000,1.11532,1.11511,1780000,1500000
2016-03-13 22:05:01.982000,1.11532,1.11510,1780000,3370000
2016-03-13 22:05:02.516000,1.11532,1.11511,1780000,1500000
2016-03-13 22:05:03.520000,1.11519,1.11507,1000000,3750000
2016-03-13 22:05:03.571000,1.11519,1.11507,1000000,1000000
2016-03-13 22:05:03.622000,1.11517,1.11503,1000000,1470000
2016-03-13 22:05:04.933000,1.11517,1.11505,1000000,6750000
2016-03-13 22:05:05.558000,1.11517,1.11505,1000000,6370000
2016-03-13 22:05:06.059000,1.11517,1.11505,1000000,7870000
2016-03-13 22:05:07.063000,1.11517,1.11505,1000000,7120000
2016-03-13 22:05:07.573000,1.11517,1.11505,1000000,6370000
