time,ask,bid,ask_volume,bid_volume
2016-03-25 00:00:00.974000,1.11650,1.11644,750000,1500000
2016-03-25 00:00:01.483000,1.11647,1.11644,1000000,1500000
2016-03-25 00:00:02.080000,1.11645,1.11642,1000000,6000000
2016-03-25 00:00:03.297000,1.11646,1.11643,1000000,2250000
2016-03-25 00:00:03.845000,1.11646,1.11644,1000000,1500000
2016-03-25 00:00:05.469000,1.11647,1.11644,1000000,1500000
2016-03-25 00:00:06.236000,1.11647,1.11644,1000000,1500000
2016-03-25 00:00:08.091000,1.11647,1.11645,1000000,3000000
2016-03-25 00:00:08.142000,1.11650,1.11645,1000000,6000000
2016-03-25 00:00:08.345000,1.11652,1.11646,1000000,2250000
2016-03-25 00:00:08.397000,1.11652,1.11647,1000000,2620000
2016-03-25 00:00:08.703000,1.11662,1.11659,1000000,1500000
2016-03-25 00:00:09.029000,1.11670,1.11665,1000000,2250000
2016-03-25 00:00:09.081000,1.11674,1.11665,1500000,3750000
2016-03-25 00:00:09.183000,1.11674,1.11667,1000000,2250000
2016-03-25 00:00:09.589000,1.11673,1.11669,1000000,3000000
2016-03-25 00:00:11.320000,1.11674,1.11671,1000000,1000000
2016-03-25 00:00:16.586000,1.11674,1.11670,1000000,2250000
2016-03-25 00:00:17.296000,1.11671,1.11669,2250000,1870000
2016-03-25 00:00:17.398000,1.11663,1.11661,1000000,1000000
2016-03-25 00:00:17.550000,1.11662,1.11658,1000000,1000000
2016-03-25 00:00:17.703000,1.11657,1.11655,1000000,1000000
2016-03-25 00:00:17.856000,1.11660,1.11657,1000000,1000000
2016-03-25 00:00:18.359000,1.11661,1.11656,1000000,1000000
2016-03-25 00:00:19.574000,1.11663,1.11654,1000000,1870000
2016-03-25 00:00:19.677000,1.11663,1.11655,1000000,1870000
2016-03-25 00:00:19.894000,1.11671,1.11665,1500000,1370000
2016-03-25 00:00:23.037000,1.11671,1.11665,1000000,2620000
2016-03-25 00:00:24.232000,1.11672,1.11668,1000000,1500000
2016-03-25 00:00:24.752000,1.11672,1.11668,1000000,1500000
2016-03-25 00:00:25.259000,1.11672,1.11668,1000000,1870000
2016-03-25 00:00:25.360000,1.11672,1.11668,1000000,1500000
2016-03-25 00:00:25.796000,1.11674,1.11667,1000000,1000000
2016-03-25 00:00:25.848000,1.11673,1.11665,1000000,1370000
2016-03-25 00:00:26.052000,1.11671,1.11666,4500000,1000000
2016-03-25 00:00:26.103000,1.11671,1.11660,4750000,1000000
2016-03-25 00:00:26.155000,1.11670,1.11665,1500000,1370000
2016-03-25 00:00:26.611000,1.11670,1.11665,1000000,1870000
2016-03-25 00:00:26.713000,1.11669,1.11665,1500000,1000000
2016-03-25 00:00:26.815000,1.11671,1.11665,1500000,1500000
2016-03-25 00:00:26.917000,1.11670,1.11664,3000000,1500000
2016-03-25 00:00:27.168000,1.11665,1.11657,1000000,3370000
2016-03-25 00:00:27.676000,1.11662,1.11657,1500000,1870000
2016-03-25 00:00:28.183000,1.11661,1.11657,1500000,1870000
2016-03-25 00:00:28.614000,1.11659,1.11657,1000000,1870000
2016-03-25 00:00:29.043000,1.11661,1.11660,1000000,1000000
2016-03-25 00:00:29.349000,1.11662,1.11658,1000000,1500000
2016-03-25 00:00:29.554000,1.11667,1.11663,1500000,1000000
2016-03-25 00:00:29.656000,1.11668,1.11666,1000000,1000000
2016-03-25 00:00:29.708000,1.11666,1.11660,1000000,4500000
2016-03-25 00:00:29.861000,1.11666,1.11658,2500000,1000000
2016-03-25 00:00:29.912000,1.11666,1.11656,2500000,1500000
2016-03-25 00:00:30.837000,1.11662,1.11656,1500000,1500000
2016-03-25 00:00:31.091000,1.11662,1.11655,1000000,1370000
2016-03-25 00:00:31.142000,1.11664,1.11658,1120000,1000000
2016-03-25 00:00:31.244000,1.11669,1.11659,1000000,3370000
2016-03-25 00:00:31.396000,1.11667,1.11660,1500000,2250000
2016-03-25 00:00:31.926000,1.11664,1.11660,1500000,1000000
2016-03-25 00:00:32.433000,1.11664,1.11660,1120000,1000000
2016-03-25 00:00:32.484000,1.11668,1.11664,3000000,1000000
2016-03-25 00:00:32.536000,1.11666,1.11660,2250000,1000000
2016-03-25 00:00:32.637000,1.11668,1.11665,1500000,1000000
2016-03-25 00:00:32.739000,1.11668,1.11658,1000000,3370000
2016-03-25 00:00:33.683000,1.11665,1.11658,1120000,1120000
2016-03-25 00:00:34.682000,1.11665,1.11658,2500000,1120000
2016-03-25 00:00:36.528000,1.11662,1.11658,1000000,1120000
2016-03-25 00:00:37.079000,1.11662,1.11658,1000000,1120000
2016-03-25 00:00:38.590000,1.11662,1.11658,1000000,1120000
2016-03-25 00:00:39.099000,1.11662,1.11658,1000000,1120000
2016-03-25 00:00:39.697000,1.11662,1.11658,1000000,1120000
2016-03-25 00:00:40.198000,1.11662,1.11658,1000000,1120000
2016-03-25 00:00:44.070000,1.11662,1.11658,1000000,1370000
2016-03-25 00:00:46.011000,1.11662,1.11658,1000000,1370000
2016-03-25 00:00:46.562000,1.11662,1.11658,1000000,1370000
2016-03-25 00:00:48.886000,1.11662,1.11658,1000000,1000000
2016-03-25 00:00:49.942000,1.11662,1.11658,1000000,1000000
2016-03-25 00:00:51.221000,1.11662,1.11658,1000000,1000000
2016-03-25 00:00:51.753000,1.11662,1.11658,1000000,1000000
2016-03-25 00:00:53.042000,1.11662,1.11658,1000000,1000000
2016-03-25 00:00:53.546000,1.11662,1.11658,1000000,1000000
2016-03-25 00:00:55.045000,1.11662,1.11658,1000000,1120000
2016-03-25 00:00:55.560000,1.11662,1.11658,1000000,1120000
2016-03-25 00:00:57.244000,1.11662,1.11658,1000000,1000000
2016-03-25 00:00:57.783000,1.11662,1.11658,1000000,1000000
2016-03-25 00:00:58.636000,1.11662,1.11654,1000000,1500000
2016-03-25 00:00:58.687000,1.11661,1.11651,2250000,1500000
2016-03-25 00:00:58.738000,1.11658,1.11651,1500000,1120000
2016-03-25 00:00:58.790000,1.11656,1.11646,3000000,1000000
2016-03-25 00:00:58.841000,1.11649,1.11643,1000000,1000000
2016-03-25 00:00:58.892000,1.11649,1.11640,1000000,1500000
2016-03-25 00:00:58.944000,1.11649,1.11643,1000000,1000000
2016-03-25 00:00:59.049000,1.11649,1.11640,1000000,1500000
2016-03-25 00:01:00.085000,1.11649,1.11640,1000000,1500000
2016-03-25 00:01:01.979000,1.11650,1.11640,2700000,1000000
2016-03-25 00:01:02.245000,1.11650,1.11640,2700000,1070000
2016-03-25 00:01:03.004000,1.11649,1.11643,1120000,1000000
2016-03-25 00:01:03.157000,1.11653,1.11651,1000000,1000000
2016-03-25 00:01:03.309000,1.11656,1.11652,1000000,1000000
2016-03-25 00:01:03.888000,1.11657,1.11652,1500000,1000000
2016-03-25 00:01:06.854000,1.11657,1.11649,1000000,1000000
2016-03-25 00:01:11.594000,1.11656,1.11648,1000000,1870000
2016-03-25 00:01:11.696000,1.11656,1.11646,1000000,1500000
2016-03-25 00:01:14.681000,1.11652,1.11644,1870000,1120000
2016-03-25 00:01:15.679000,1.11652,1.11643,3620000,1120000
2016-03-25 00:01:16.655000,1.11652,1.11647,2870000,1000000
2016-03-25 00:01:16.706000,1.11652,1.11648,1870000,1000000
2016-03-25 00:01:17.333000,1.11653,1.11648,1000000,1000000
2016-03-25 00:01:18.358000,1.11654,1.11651,1500000,1000000
2016-03-25 00:01:18.410000,1.11657,1.11651,1000000,1000000
2016-03-25 00:01:28.186000,1.11657,1.11651,1000000,1870000
2016-03-25 00:01:29.706000,1.11657,1.11651,1000000,2620000
2016-03-25 00:01:30.901000,1.11657,1.11652,1000000,1870000
2016-03-25 00:01:33.870000,1.11657,1.11652,1000000,1870000
2016-03-25 00:01:35.800000,1.11657,1.11652,1000000,1870000
2016-03-25 00:01:38.771000,1.11657,1.11652,1000000,1870000
2016-03-25 00:01:40.913000,1.11657,1.11652,1000000,1870000
2016-03-25 00:01:50.673000,1.11657,1.11652,1370000,1870000
2016-03-25 00:01:50.776000,1.11655,1.11649,1120000,1570000
2016-03-25 00:01:50.879000,1.11655,1.11646,1120000,3370000
2016-03-25 00:01:51.406000,1.11655,1.11647,1000000,1000000
2016-03-25 00:01:51.938000,1.11655,1.11646,1000000,2620000
2016-03-25 00:01:54.802000,1.11655,1.11646,1000000,3450000
2016-03-25 00:01:57.683000,1.11655,1.11647,1000000,1870000
2016-03-25 00:02:00.319000,1.11652,1.11646,1000000,3000000
2016-03-25 00:02:00.574000,1.11654,1.11645,1000000,1500000
2016-03-25 00:02:05.773000,1.11654,1.11646,1000000,1500000
2016-03-25 00:02:06.473000,1.11659,1.11646,1000000,1870000
2016-03-25 00:02:06.727000,1.11654,1.11647,1000000,1500000
2016-03-25 00:02:07.031000,1.11655,1.11649,1000000,1000000
2016-03-25 00:02:13.962000,1.11659,1.11653,1000000,1000000
2016-03-25 00:02:15.074000,1.11657,1.11647,1000000,1000000
2016-03-25 00:02:15.252000,1.11657,1.11645,1000000,2250000
2016-03-25 00:02:19.444000,1.11657,1.11645,1000000,3370000
2016-03-25 00:02:21.346000,1.11657,1.11646,1000000,1370000
2016-03-25 00:02:23.318000,1.11657,1.11646,1000000,1120000
2016-03-25 00:02:24.337000,1.11657,1.11646,1000000,1370000
2016-03-25 00:02:27.350000,1.11657,1.11646,1000000,1370000
2016-03-25 00:02:29.556000,1.11657,1.11647,1000000,1370000
2016-03-25 00:02:30.232000,1.11656,1.11650,1000000,1000000
2016-03-25 00:02:34.569000,1.11656,1.11650,1000000,3560000
2016-03-25 00:02:35.783000,1.11656,1.11651,1000000,1370000
2016-03-25 00:02:36.781000,1.11656,1.11651,1000000,1120000
2016-03-25 00:02:38.988000,1.11656,1.11650,1000000,3560000
2016-03-25 00:02:39.947000,1.11656,1.11650,1000000,3560000
2016-03-25 00:02:41.992000,1.11656,1.11651,1000000,1370000
2016-03-25 00:02:43.385000,1.11656,1.11651,1000000,1120000
2016-03-25 00:02:45.354000,1.11656,1.11650,1000000,2810000
2016-03-25 00:02:46.351000,1.11656,1.11651,1000000,1370000
2016-03-25 00:02:49.368000,1.11656,1.11650,1000000,2810000
2016-03-25 00:02:54.005000,1.11656,1.11650,1000000,2060000
2016-03-25 00:02:55.012000,1.11656,1.11651,1000000,1370000
2016-03-25 00:02:55.908000,1.11656,1.11651,1000000,1000000
2016-03-25 00:02:56.416000,1.11656,1.11650,1000000,1000000
2016-03-25 00:03:05.135000,1.11660,1.11657,1000000,1000000
2016-03-25 00:03:05.237000,1.11662,1.11656,2100000,3370000
2016-03-25 00:03:05.289000,1.11663,1.11659,2250000,1000000
2016-03-25 00:03:05.543000,1.11667,1.11660,1000000,1870000
2016-03-25 00:03:05.594000,1.11670,1.11662,1120000,1000000
2016-03-25 00:03:05.646000,1.11663,1.11662,1000000,1000000
2016-03-25 00:03:05.697000,1.11659,1.11655,1000000,2250000
2016-03-25 00:03:05.799000,1.11658,1.11653,1000000,1310000
2016-03-25 00:03:08.357000,1.11658,1.11654,1000000,1000000
2016-03-25 00:03:08.414000,1.11662,1.11657,2250000,1000000
2016-03-25 00:03:08.864000,1.11662,1.11654,1500000,1690000
2016-03-25 00:03:09.067000,1.11666,1.11657,1370000,1000000
2016-03-25 00:03:09.270000,1.11664,1.11655,1000000,2440000
2016-03-25 00:03:09.321000,1.11660,1.11655,1000000,3000000
2016-03-25 00:03:29.780000,1.11660,1.11655,1370000,1000000
2016-03-25 00:03:36.502000,1.11659,1.11655,1000000,1000000
2016-03-25 00:03:37.010000,1.11658,1.11655,1000000,1000000
2016-03-25 00:03:37.944000,1.11659,1.11655,1000000,1000000
2016-03-25 00:03:38.495000,1.11658,1.11655,1000000,1000000
2016-03-25 00:03:39.023000,1.11659,1.11655,1000000,1000000
2016-03-25 00:03:39.573000,1.11658,1.11655,1000000,1000000
2016-03-25 00:03:44.419000,1.11657,1.11655,1000000,1000000
2016-03-25 00:03:45.955000,1.11658,1.11655,1000000,1000000
2016-03-25 00:03:46.583000,1.11657,1.11655,1000000,1000000
2016-03-25 00:03:47.114000,1.11660,1.11655,1070000,1000000
2016-03-25 00:03:48.480000,1.11658,1.11656,1000000,1000000
2016-03-25 00:03:49.046000,1.11657,1.11655,1000000,1000000
2016-03-25 00:03:54.151000,1.11658,1.11656,1000000,1000000
2016-03-25 00:03:56.804000,1.11657,1.11656,1000000,1000000
2016-03-25 00:03:56.957000,1.11662,1.11659,1070000,1000000
2016-03-25 00:03:57.009000,1.11658,1.11656,1000000,1000000
2016-03-25 00:03:57.061000,1.11657,1.11655,1000000,1000000
2016-03-25 00:03:57.625000,1.11656,1.11654,1000000,1000000
2016-03-25 00:03:58.662000,1.11657,1.11654,1500000,1000000
2016-03-25 00:03:59.198000,1.11656,1.11654,1000000,1000000
2016-03-25 00:04:00.188000,1.11657,1.11654,1500000,1000000
2016-03-25 00:04:00.697000,1.11656,1.11654,1000000,1000000
2016-03-25 00:04:02.068000,1.11657,1.11654,1500000,1000000
2016-03-25 00:04:02.575000,1.11656,1.11654,1000000,1000000
2016-03-25 00:04:13.681000,1.11657,1.11654,1120000,1000000
2016-03-25 00:04:14.212000,1.11657,1.11654,1370000,1000000
2016-03-25 00:04:15.681000,1.11657,1.11654,1000000,1000000
2016-03-25 00:04:15.733000,1.11659,1.11654,1000000,1000000
2016-03-25 00:04:20.256000,1.11656,1.11650,1000000,2250000
2016-03-25 00:04:20.662000,1.11656,1.11648,1000000,1120000
2016-03-25 00:04:21.364000,1.11658,1.11652,1000000,1000000
2016-03-25 00:04:25.108000,1.11660,1.11650,1000000,1000000
2016-03-25 00:04:25.160000,1.11663,1.11650,2100000,1500000
2016-03-25 00:04:25.312000,1.11656,1.11650,1000000,1120000
2016-03-25 00:04:25.988000,1.11658,1.11653,1500000,1000000
2016-03-25 00:04:26.494000,1.11660,1.11653,1690000,1000000
2016-03-25 00:04:26.920000,1.11657,1.11653,1000000,1000000
2016-03-25 00:04:27.351000,1.11653,1.11645,1000000,1000000
2016-03-25 00:04:27.867000,1.11653,1.11644,1000000,1000000
2016-03-25 00:04:31.355000,1.11653,1.11644,1000000,2250000
2016-03-25 00:04:31.781000,1.11653,1.11642,1000000,3370000
2016-03-25 00:04:34.769000,1.11656,1.11643,1000000,1000000
2016-03-25 00:04:35.672000,1.11656,1.11643,1000000,1370000
2016-03-25 00:04:36.569000,1.11652,1.11642,1000000,3370000
2016-03-25 00:04:36.906000,1.11643,1.11637,1000000,1000000
2016-03-25 00:04:37.945000,1.11643,1.11638,1000000,1870000
2016-03-25 00:04:38.297000,1.11643,1.11640,1000000,1000000
2016-03-25 00:04:40.042000,1.11643,1.11638,1000000,1120000
2016-03-25 00:04:42.795000,1.11643,1.11637,1000000,1870000
2016-03-25 00:04:54.866000,1.11643,1.11637,1000000,1370000
2016-03-25 00:04:55.506000,1.11644,1.11639,1000000,1000000
2016-03-25 00:04:55.557000,1.11651,1.11639,1000000,1000000
2016-03-25 00:04:55.789000,1.11654,1.11639,3000000,1000000
2016-03-25 00:04:56.246000,1.11656,1.11640,4120000,1500000
2016-03-25 00:05:05.102000,1.11656,1.11640,3750000,1870000
2016-03-25 00:05:06.709000,1.11656,1.11640,6000000,1870000
2016-03-25 00:05:11.991000,1.11655,1.11640,1000000,1500000
2016-03-25 00:05:12.734000,1.11656,1.11640,4500000,1500000
2016-03-25 00:05:12.937000,1.11656,1.11642,2250000,1500000
2016-03-25 00:05:13.295000,1.11655,1.11642,1760000,1500000
2016-03-25 00:05:13.843000,1.11653,1.11642,1100000,1000000
2016-03-25 00:05:16.150000,1.11656,1.11642,2250000,1000000
2016-03-25 00:05:19.202000,1.11657,1.11642,1500000,1120000
2016-03-25 00:05:21.410000,1.11647,1.11642,1000000,1000000
2016-03-25 00:05:21.562000,1.11644,1.11640,1000000,1500000
2016-03-25 00:05:22.387000,1.11644,1.11640,1000000,1500000
2016-03-25 00:05:25.144000,1.11644,1.11641,1000000,1000000
2016-03-25 00:05:33.532000,1.11645,1.11641,1000000,2620000
2016-03-25 00:05:34.083000,1.11645,1.11641,1000000,2620000
2016-03-25 00:05:34.494000,1.11651,1.11643,2440000,1000000
2016-03-25 00:05:34.748000,1.11651,1.11647,1500000,1000000
2016-03-25 00:05:34.850000,1.11655,1.11647,2250000,1000000
2016-03-25 00:05:35.053000,1.11658,1.11649,1000000,1000000
2016-03-25 00:05:35.635000,1.11659,1.11649,1570000,1500000
2016-03-25 00:05:45.212000,1.11658,1.11648,1500000,1500000
2016-03-25 00:05:48.668000,1.11657,1.11648,1000000,3750000
2016-03-25 00:05:49.217000,1.11657,1.11648,1570000,1950000
2016-03-25 00:05:49.732000,1.11657,1.11648,1570000,1870000
2016-03-25 00:05:50.260000,1.11657,1.11648,1500000,1870000
2016-03-25 00:05:50.463000,1.11657,1.11648,1570000,1120000
2016-03-25 00:05:51.099000,1.11657,1.11648,1500000,1000000
2016-03-25 00:05:51.623000,1.11657,1.11648,1570000,3000000
2016-03-25 00:05:53.072000,1.11657,1.11648,1500000,2250000
2016-03-25 00:05:53.574000,1.11657,1.11648,1570000,2250000
2016-03-25 00:06:00.370000,1.11661,1.11655,5470000,370000
2016-03-25 00:06:00.472000,1.11659,1.11649,1500000,1870000
2016-03-25 00:06:00.574000,1.11658,1.11648,1500000,2250000
2016-03-25 00:06:00.810000,1.11655,1.11650,1000000,1500000
2016-03-25 00:06:02.219000,1.11658,1.11653,1690000,1000000
2016-03-25 00:06:02.807000,1.11657,1.11651,1000000,1000000
2016-03-25 00:06:10.347000,1.11657,1.11652,1000000,1000000
2016-03-25 00:06:14.521000,1.11656,1.11652,1000000,2250000
2016-03-25 00:06:15.027000,1.11656,1.11652,1000000,3000000
2016-03-25 00:06:15.548000,1.11656,1.11652,1000000,2250000
2016-03-25 00:06:22.893000,1.11659,1.11653,1190000,1000000
2016-03-25 00:06:30.516000,1.11659,1.11653,1000000,1000000
2016-03-25 00:06:34.581000,1.11658,1.11652,1000000,2250000
2016-03-25 00:06:35.449000,1.11656,1.11652,1000000,1500000
2016-03-25 00:06:36.370000,1.11655,1.11652,1000000,2250000
2016-03-25 00:06:38.790000,1.11655,1.11652,1000000,1500000
2016-03-25 00:06:38.993000,1.11658,1.11652,1000000,1500000
2016-03-25 00:06:40.176000,1.11658,1.11653,1000000,1000000
2016-03-25 00:06:42.625000,1.11657,1.11653,1000000,1000000
2016-03-25 00:06:45.250000,1.11657,1.11652,1000000,2250000
2016-03-25 00:06:52.506000,1.11657,1.11650,1000000,3000000
2016-03-25 00:07:32.555000,1.11656,1.11651,1000000,1000000
2016-03-25 00:07:59.295000,1.11659,1.11656,1000000,1000000
2016-03-25 00:07:59.828000,1.11660,1.11656,1500000,1000000
2016-03-25 00:08:04.992000,1.11660,1.11656,1570000,1000000
2016-03-25 00:08:05.579000,1.11660,1.11656,1100000,1000000
2016-03-25 00:08:06.350000,1.11658,1.11653,1000000,1000000
2016-03-25 00:08:38.998000,1.11655,1.11649,1120000,2440000
2016-03-25 00:08:39.355000,1.11653,1.11649,1000000,1500000
2016-03-25 00:08:39.659000,1.11649,1.11645,1000000,3000000
2016-03-25 00:08:39.710000,1.11651,1.11646,1000000,1000000
2016-03-25 00:08:39.812000,1.11649,1.11647,1000000,1500000
2016-03-25 00:08:40.257000,1.11652,1.11648,1000000,1000000
2016-03-25 00:08:45.199000,1.11652,1.11647,1000000,1500000
2016-03-25 00:08:47.807000,1.11650,1.11647,1000000,1500000
2016-03-25 00:08:58.070000,1.11651,1.11647,1000000,1500000
2016-03-25 00:09:05.210000,1.11651,1.11646,1000000,1000000
2016-03-25 00:09:10.023000,1.11651,1.11646,1000000,1370000
2016-03-25 00:09:12.299000,1.11651,1.11646,1000000,1120000
2016-03-25 00:09:49.186000,1.11650,1.11646,1000000,1500000
2016-03-25 00:09:54.292000,1.11652,1.11645,1000000,1500000
2016-03-25 00:09:54.343000,1.11650,1.11645,1000000,1500000
2016-03-25 00:10:03.274000,1.11649,1.11645,1000000,1500000
2016-03-25 00:10:05.187000,1.11650,1.11646,1000000,1000000
2016-03-25 00:10:17.674000,1.11649,1.11646,1000000,1000000
2016-03-25 00:10:17.776000,1.11644,1.11640,1000000,3560000
2016-03-25 00:10:17.878000,1.11644,1.11640,1000000,3940000
2016-03-25 00:10:18.983000,1.11647,1.11640,1000000,3640000
2016-03-25 00:10:19.034000,1.11649,1.11643,1100000,1500000
2016-03-25 00:10:19.341000,1.11644,1.11640,1000000,1500000
2016-03-25 00:10:20.434000,1.11643,1.11640,1000000,1690000
2016-03-25 00:10:33.440000,1.11644,1.11641,1000000,1620000
2016-03-25 00:10:33.619000,1.11647,1.11645,1000000,1000000
2016-03-25 00:10:33.672000,1.11651,1.11645,1500000,1000000
2016-03-25 00:10:33.977000,1.11648,1.11641,1000000,2250000
2016-03-25 00:10:39.754000,1.11648,1.11641,1000000,3000000
2016-03-25 00:10:47.695000,1.11648,1.11641,1000000,2250000
2016-03-25 00:11:03.076000,1.11648,1.11642,1000000,1500000
2016-03-25 00:11:13.156000,1.11648,1.11641,1000000,2620000
2016-03-25 00:11:13.478000,1.11646,1.11641,1120000,2250000
2016-03-25 00:11:53.181000,1.11646,1.11641,1000000,3000000
2016-03-25 00:11:54.135000,1.11646,1.11641,1000000,2620000
2016-03-25 00:11:58.329000,1.11646,1.11641,1000000,2250000
2016-03-25 00:11:58.571000,1.11652,1.11642,2620000,3000000
2016-03-25 00:11:58.723000,1.11653,1.11643,1000000,1500000
2016-03-25 00:11:58.774000,1.11655,1.11643,1500000,1000000
2016-03-25 00:11:58.826000,1.11655,1.11643,1870000,1000000
2016-03-25 00:11:59.130000,1.11645,1.11640,1000000,2250000
2016-03-25 00:12:02.635000,1.11645,1.11641,1000000,1000000
2016-03-25 00:12:03.141000,1.11645,1.11640,1000000,2250000
2016-03-25 00:12:05.133000,1.11645,1.11641,1000000,1000000
2016-03-25 00:12:13.366000,1.11645,1.11642,1000000,1000000
2016-03-25 00:12:13.418000,1.11650,1.11644,1000000,1000000
2016-03-25 00:12:13.469000,1.11653,1.11644,1000000,1000000
2016-03-25 00:12:13.623000,1.11657,1.11644,1870000,1000000
2016-03-25 00:12:13.674000,1.11657,1.11644,1500000,1500000
2016-03-25 00:12:13.979000,1.11648,1.11643,1000000,1000000
2016-03-25 00:12:14.573000,1.11647,1.11642,1000000,1000000
2016-03-25 00:12:19.774000,1.11647,1.11642,1000000,1370000
2016-03-25 00:12:20.875000,1.11647,1.11642,1000000,1870000
2016-03-25 00:12:21.495000,1.11647,1.11643,1000000,1000000
2016-03-25 00:12:22.122000,1.11647,1.11643,1000000,1370000
2016-03-25 00:12:23.917000,1.11647,1.11643,1000000,1370000
2016-03-25 00:12:24.431000,1.11647,1.11643,1000000,1370000
2016-03-25 00:12:25.926000,1.11647,1.11643,1000000,1870000
2016-03-25 00:12:34.395000,1.11647,1.11645,1000000,1370000
2016-03-25 00:12:36.398000,1.11648,1.11645,1000000,1870000
2016-03-25 00:12:37.523000,1.11649,1.11646,1500000,1970000
2016-03-25 00:12:37.575000,1.11650,1.11648,1000000,1350000
2016-03-25 00:12:37.627000,1.11653,1.11652,1000000,1120000
2016-03-25 00:12:37.729000,1.11659,1.11658,1000000,1000000
2016-03-25 00:12:37.780000,1.11665,1.11664,3750000,1000000
2016-03-25 00:12:37.832000,1.11669,1.11665,1000000,1000000
2016-03-25 00:12:37.883000,1.11670,1.11669,1000000,2250000
2016-03-25 00:12:38.189000,1.11674,1.11670,1000000,1000000
2016-03-25 00:12:38.240000,1.11679,1.11671,1000000,1000000
2016-03-25 00:12:38.342000,1.11683,1.11671,1500000,1500000
2016-03-25 00:12:38.394000,1.11681,1.11671,1000000,2250000
2016-03-25 00:12:38.890000,1.11682,1.11673,1000000,1000000
2016-03-25 00:12:39.415000,1.11683,1.11673,1500000,1000000
2016-03-25 00:12:42.004000,1.11682,1.11673,1000000,1120000
2016-03-25 00:12:42.518000,1.11682,1.11672,1500000,1500000
2016-03-25 00:12:44.534000,1.11682,1.11672,1500000,1870000
2016-03-25 00:12:45.621000,1.11682,1.11672,1500000,2620000
2016-03-25 00:12:46.128000,1.11682,1.11672,1500000,2620000
2016-03-25 00:12:46.646000,1.11682,1.11672,1500000,2620000
2016-03-25 00:12:47.816000,1.11682,1.11672,1500000,2620000
2016-03-25 00:12:49.331000,1.11682,1.11672,1500000,2620000
2016-03-25 00:12:53.329000,1.11682,1.11675,1500000,1370000
2016-03-25 00:12:54.330000,1.11682,1.11675,1500000,1120000
2016-03-25 00:12:56.675000,1.11682,1.11673,1000000,1000000
2016-03-25 00:12:56.726000,1.11685,1.11673,1000000,2250000
2016-03-25 00:12:57.052000,1.11688,1.11673,1500000,3370000
2016-03-25 00:12:57.589000,1.11687,1.11674,1000000,1000000
2016-03-25 00:12:58.096000,1.11687,1.11674,1500000,1870000
2016-03-25 00:12:58.604000,1.11687,1.11676,1000000,1000000
2016-03-25 00:12:59.106000,1.11688,1.11676,1500000,1500000
2016-03-25 00:12:59.860000,1.11687,1.11677,1000000,1000000
2016-03-25 00:13:00.884000,1.11687,1.11677,1500000,2620000
2016-03-25 00:13:01.439000,1.11688,1.11676,1500000,1870000
2016-03-25 00:13:01.972000,1.11688,1.11676,1500000,2620000
2016-03-25 00:13:14.981000,1.11688,1.11676,2250000,3000000
2016-03-25 00:13:15.984000,1.11688,1.11677,2250000,1370000
2016-03-25 00:13:17.993000,1.11688,1.11676,2250000,2250000
2016-03-25 00:13:19.402000,1.11678,1.11676,1000000,1000000
2016-03-25 00:13:19.504000,1.11680,1.11674,1870000,1000000
2016-03-25 00:13:19.556000,1.11680,1.11672,2620000,1000000
2016-03-25 00:13:19.607000,1.11680,1.11672,1500000,1000000
2016-03-25 00:13:19.658000,1.11680,1.11669,1500000,1500000
2016-03-25 00:13:19.760000,1.11683,1.11669,1000000,3370000
2016-03-25 00:13:19.861000,1.11685,1.11670,1500000,1000000
2016-03-25 00:13:26.378000,1.11685,1.11670,1500000,1370000
2016-03-25 00:13:33.419000,1.11685,1.11670,1870000,1370000
2016-03-25 00:13:33.622000,1.11684,1.11670,1500000,2620000
2016-03-25 00:13:34.138000,1.11685,1.11669,1500000,2620000
2016-03-25 00:13:34.756000,1.11685,1.11669,2250000,2250000
2016-03-25 00:13:36.595000,1.11685,1.11669,2250000,4500000
2016-03-25 00:13:45.245000,1.11686,1.11669,3000000,5250000
2016-03-25 00:13:48.574000,1.11686,1.11669,3000000,5250000
2016-03-25 00:13:49.113000,1.11686,1.11671,3000000,1500000
2016-03-25 00:13:49.635000,1.11685,1.11672,1500000,1500000
2016-03-25 00:13:50.626000,1.11685,1.11670,1500000,4500000
2016-03-25 00:13:54.942000,1.11685,1.11670,1500000,3370000
2016-03-25 00:13:55.095000,1.11686,1.11669,2250000,1870000
2016-03-25 00:14:00.853000,1.11685,1.11669,1000000,2250000
2016-03-25 00:14:01.360000,1.11685,1.11669,1000000,1870000
2016-03-25 00:14:02.152000,1.11685,1.11669,1000000,1500000
2016-03-25 00:14:02.203000,1.11679,1.11669,1000000,1500000
2016-03-25 00:14:05.266000,1.11680,1.11669,1000000,1500000
2016-03-25 00:14:05.571000,1.11679,1.11668,2620000,2250000
2016-03-25 00:14:05.899000,1.11680,1.11669,2250000,1500000
2016-03-25 00:14:07.372000,1.11680,1.11669,2250000,1500000
2016-03-25 00:14:08.378000,1.11679,1.11669,1500000,1500000
2016-03-25 00:14:09.344000,1.11679,1.11669,1500000,1500000
2016-03-25 00:14:10.383000,1.11680,1.11669,1370000,1500000
2016-03-25 00:14:10.932000,1.11680,1.11669,1000000,1500000
2016-03-25 00:14:16.398000,1.11680,1.11669,1000000,2620000
2016-03-25 00:14:19.760000,1.11681,1.11669,1000000,2620000
2016-03-25 00:14:21.024000,1.11674,1.11669,1000000,1870000
2016-03-25 00:14:21.177000,1.11679,1.11669,1370000,1500000
2016-03-25 00:14:21.482000,1.11680,1.11670,1370000,1500000
2016-03-25 00:14:21.584000,1.11681,1.11670,1000000,1500000
2016-03-25 00:14:41.832000,1.11681,1.11671,1000000,1000000
2016-03-25 00:14:42.009000,1.11681,1.11673,1370000,1500000
2016-03-25 00:14:42.215000,1.11683,1.11673,1370000,1500000
2016-03-25 00:14:42.520000,1.11683,1.11673,1000000,1500000
2016-03-25 00:14:43.530000,1.11684,1.11673,1500000,1500000
2016-03-25 00:14:45.221000,1.11685,1.11673,3000000,1500000
2016-03-25 00:14:50.009000,1.11680,1.11676,1000000,1500000
2016-03-25 00:14:50.439000,1.11679,1.11673,1750000,1000000
2016-03-25 00:14:50.845000,1.11682,1.11673,2620000,1000000
2016-03-25 00:14:51.065000,1.11682,1.11673,2250000,1000000
2016-03-25 00:14:55.404000,1.11682,1.11671,2250000,1500000
2016-03-25 00:14:55.507000,1.11682,1.11668,3000000,2250000
2016-03-25 00:14:55.659000,1.11682,1.11666,3750000,1500000
2016-03-25 00:14:55.762000,1.11682,1.11663,3750000,1000000
2016-03-25 00:14:56.288000,1.11682,1.11664,3750000,1000000
2016-03-25 00:14:58.711000,1.11682,1.11661,3750000,2250000
2016-03-25 00:14:59.595000,1.11680,1.11661,1000000,1870000
2016-03-25 00:15:00.772000,1.11680,1.11664,1500000,1000000
2016-03-25 00:15:01.298000,1.11680,1.11663,1500000,1000000
2016-03-25 00:15:02.710000,1.11680,1.11661,1500000,2250000
2016-03-25 00:15:04.739000,1.11679,1.11661,1500000,4500000
2016-03-25 00:15:05.264000,1.11678,1.11661,1000000,3750000
2016-03-25 00:15:05.797000,1.11677,1.11661,1000000,3750000
2016-03-25 00:15:07.232000,1.11677,1.11661,1000000,1370000
2016-03-25 00:15:09.969000,1.11677,1.11661,1000000,1750000
2016-03-25 00:15:10.273000,1.11649,1.11645,2500000,3000000
2016-03-25 00:15:10.375000,1.11652,1.11647,1870000,2250000
2016-03-25 00:15:10.427000,1.11647,1.11642,1000000,1370000
2016-03-25 00:15:10.478000,1.11647,1.11638,1000000,1500000
2016-03-25 00:15:10.530000,1.11646,1.11635,1500000,1500000
2016-03-25 00:15:10.733000,1.11647,1.11637,2250000,1500000
2016-03-25 00:15:11.039000,1.11642,1.11637,1000000,1500000
2016-03-25 00:15:13.785000,1.11641,1.11636,1000000,1500000
2016-03-25 00:15:14.243000,1.11637,1.11634,1000000,2250000
2016-03-25 00:15:14.769000,1.11635,1.11632,1000000,2250000
2016-03-25 00:15:14.871000,1.11635,1.11630,1000000,1500000
2016-03-25 00:15:16.760000,1.11635,1.11631,1000000,1500000
2016-03-25 00:15:18.876000,1.11635,1.11630,1000000,2250000
2016-03-25 00:15:20.194000,1.11635,1.11628,1000000,1000000
2016-03-25 00:15:20.245000,1.11635,1.11626,1000000,1000000
2016-03-25 00:15:20.297000,1.11635,1.11623,1000000,2620000
2016-03-25 00:15:20.652000,1.11635,1.11620,1000000,1000000
2016-03-25 00:15:21.231000,1.11635,1.11619,1000000,1500000
2016-03-25 00:15:22.038000,1.11635,1.11618,1000000,1500000
2016-03-25 00:15:22.586000,1.11635,1.11619,1000000,1500000
2016-03-25 00:15:23.042000,1.11635,1.11616,1000000,2620000
2016-03-25 00:15:23.624000,1.11635,1.11616,1000000,2250000
2016-03-25 00:15:23.838000,1.11635,1.11619,1000000,1000000
2016-03-25 00:15:28.247000,1.11635,1.11618,1000000,1000000
2016-03-25 00:15:30.748000,1.11634,1.11618,1000000,1000000
2016-03-25 00:15:31.053000,1.11634,1.11618,1870000,1000000
2016-03-25 00:15:31.104000,1.11634,1.11618,1500000,1000000
2016-03-25 00:15:31.357000,1.11634,1.11616,1500000,1000000
2016-03-25 00:15:32.622000,1.11634,1.11616,1870000,1000000
2016-03-25 00:15:32.826000,1.11631,1.11616,1000000,1000000
2016-03-25 00:15:33.079000,1.11633,1.11616,1500000,1000000
2016-03-25 00:15:33.283000,1.11629,1.11616,1000000,1000000
2016-03-25 00:15:33.652000,1.11623,1.11620,1000000,1000000
2016-03-25 00:15:33.710000,1.11626,1.11618,2250000,1000000
2016-03-25 00:15:33.761000,1.11622,1.11618,1000000,1000000
2016-03-25 00:15:34.270000,1.11623,1.11615,1500000,1000000
2016-03-25 00:15:34.524000,1.11627,1.11615,1000000,1000000
2016-03-25 00:15:34.626000,1.11625,1.11615,1000000,1000000
2016-03-25 00:15:34.931000,1.11630,1.11627,1500000,1120000
2016-03-25 00:15:34.982000,1.11628,1.11621,1000000,1000000
2016-03-25 00:15:35.159000,1.11623,1.11614,1000000,1870000
2016-03-25 00:15:35.363000,1.11624,1.11616,1500000,1000000
2016-03-25 00:15:35.845000,1.11619,1.11616,3000000,1000000
2016-03-25 00:15:36.048000,1.11618,1.11613,3000000,1000000
2016-03-25 00:15:36.150000,1.11614,1.11613,3000000,1000000
2016-03-25 00:15:36.354000,1.11606,1.11603,3000000,1000000
2016-03-25 00:15:36.456000,1.11605,1.11600,2250000,1000000
2016-03-25 00:15:36.635000,1.11601,1.11595,1000000,1000000
2016-03-25 00:15:36.737000,1.11603,1.11594,1000000,1000000
2016-03-25 00:15:36.991000,1.11602,1.11591,1000000,1000000
2016-03-25 00:15:37.145000,1.11601,1.11591,1000000,1150000
2016-03-25 00:15:37.248000,1.11606,1.11591,1000000,1000000
2016-03-25 00:15:37.654000,1.11600,1.11591,1370000,1000000
2016-03-25 00:15:37.757000,1.11606,1.11591,1000000,1000000
2016-03-25 00:15:37.941000,1.11613,1.11591,1000000,1000000
2016-03-25 00:15:37.992000,1.11613,1.11593,1000000,1000000
2016-03-25 00:15:38.095000,1.11618,1.11593,1000000,1000000
2016-03-25 00:15:38.353000,1.11620,1.11596,1370000,1000000
2016-03-25 00:15:38.506000,1.11621,1.11597,1000000,1000000
2016-03-25 00:15:38.608000,1.11624,1.11597,1000000,1000000
2016-03-25 00:15:38.811000,1.11628,1.11598,1000000,1000000
2016-03-25 00:15:38.863000,1.11630,1.11600,2620000,1000000
2016-03-25 00:15:39.016000,1.11631,1.11600,1120000,1000000
2016-03-25 00:15:39.555000,1.11630,1.11600,1000000,1000000
2016-03-25 00:15:40.119000,1.11630,1.11600,1870000,1000000
2016-03-25 00:15:40.577000,1.11624,1.11600,1000000,1000000
2016-03-25 00:15:40.940000,1.11607,1.11600,1120000,1000000
2016-03-25 00:15:40.992000,1.11607,1.11596,1120000,1000000
2016-03-25 00:15:41.144000,1.11604,1.11596,1120000,1000000
2016-03-25 00:15:41.457000,1.11604,1.11594,1120000,2250000
2016-03-25 00:15:41.660000,1.11606,1.11594,2620000,2250000
2016-03-25 00:15:42.265000,1.11608,1.11594,3000000,2250000
2016-03-25 00:15:42.671000,1.11608,1.11596,1500000,1000000
2016-03-25 00:15:42.993000,1.11605,1.11596,1000000,1000000
2016-03-25 00:15:43.519000,1.11605,1.11595,1000000,1500000
2016-03-25 00:15:45.225000,1.11604,1.11595,1000000,1500000
2016-03-25 00:15:45.728000,1.11604,1.11594,1500000,3000000
2016-03-25 00:15:47.717000,1.11604,1.11595,1500000,1000000
2016-03-25 00:15:48.174000,1.11603,1.11593,1500000,1500000
2016-03-25 00:15:48.592000,1.11605,1.11594,1500000,1500000
2016-03-25 00:15:50.492000,1.11605,1.11595,1500000,1000000
2016-03-25 00:15:50.594000,1.11607,1.11595,1500000,2250000
2016-03-25 00:15:50.748000,1.11609,1.11596,1500000,1500000
2016-03-25 00:15:51.104000,1.11609,1.11598,1500000,1000000
2016-03-25 00:15:51.409000,1.11609,1.11600,1500000,1000000
2016-03-25 00:15:53.096000,1.11611,1.11600,3000000,1000000
2016-03-25 00:15:53.249000,1.11613,1.11603,1500000,1500000
2016-03-25 00:15:53.554000,1.11618,1.11611,1000000,1000000
2016-03-25 00:15:53.760000,1.11623,1.11614,1000000,1500000
2016-03-25 00:15:53.913000,1.11625,1.11615,3000000,1000000
2016-03-25 00:15:55.770000,1.11626,1.11616,1500000,1000000
2016-03-25 00:15:56.075000,1.11625,1.11618,1500000,1000000
2016-03-25 00:15:56.177000,1.11628,1.11619,1000000,1000000
2016-03-25 00:15:56.381000,1.11630,1.11620,3750000,1500000
2016-03-25 00:15:59.127000,1.11630,1.11621,1000000,1000000
2016-03-25 00:15:59.638000,1.11631,1.11621,1500000,1500000
2016-03-25 00:16:05.284000,1.11632,1.11621,2250000,1500000
2016-03-25 00:16:10.978000,1.11632,1.11622,1500000,1000000
2016-03-25 00:16:11.511000,1.11633,1.11623,1000000,1000000
2016-03-25 00:16:15.073000,1.11634,1.11623,2250000,1000000
2016-03-25 00:16:15.377000,1.11635,1.11625,1500000,1000000
2016-03-25 00:16:15.747000,1.11637,1.11629,1000000,1000000
2016-03-25 00:16:15.801000,1.11640,1.11630,5250000,1000000
2016-03-25 00:16:19.822000,1.11640,1.11631,1000000,1000000
2016-03-25 00:16:19.874000,1.11642,1.11631,3000000,1500000
2016-03-25 00:16:20.028000,1.11642,1.11633,1500000,1000000
2016-03-25 00:16:28.669000,1.11642,1.11632,2250000,2250000
2016-03-25 00:16:36.846000,1.11640,1.11634,1000000,1000000
2016-03-25 00:16:37.150000,1.11640,1.11638,1000000,1000000
2016-03-25 00:16:37.671000,1.11641,1.11639,1000000,1500000
2016-03-25 00:16:40.282000,1.11640,1.11636,1000000,1500000
2016-03-25 00:16:40.485000,1.11640,1.11634,1500000,1000000
2016-03-25 00:16:40.739000,1.11640,1.11636,1000000,1000000
2016-03-25 00:16:45.254000,1.11640,1.11637,1000000,1000000
2016-03-25 00:16:45.894000,1.11642,1.11637,1000000,1500000
2016-03-25 00:16:46.397000,1.11637,1.11634,1000000,1500000
2016-03-25 00:16:46.702000,1.11633,1.11628,1000000,1500000
2016-03-25 00:16:47.238000,1.11632,1.11628,1000000,1500000
2016-03-25 00:16:48.228000,1.11635,1.11628,1500000,1500000
2016-03-25 00:16:48.280000,1.11639,1.11630,1000000,1500000
2016-03-25 00:16:48.432000,1.11641,1.11631,3000000,1500000
2016-03-25 00:16:48.639000,1.11639,1.11631,1000000,1500000
2016-03-25 00:16:48.742000,1.11641,1.11631,3000000,1500000
2016-03-25 00:16:49.249000,1.11640,1.11630,2250000,1000000
2016-03-25 00:16:49.756000,1.11641,1.11631,3000000,1500000
2016-03-25 00:16:49.992000,1.11639,1.11631,1000000,1500000
2016-03-25 00:16:56.368000,1.11639,1.11633,1500000,1000000
2016-03-25 00:16:56.420000,1.11639,1.11630,1500000,1500000
2016-03-25 00:16:56.967000,1.11638,1.11630,1000000,1500000
2016-03-25 00:16:57.474000,1.11638,1.11629,1000000,1000000
2016-03-25 00:16:58.019000,1.11639,1.11629,2250000,1000000
2016-03-25 00:16:58.655000,1.11638,1.11629,1000000,1000000
2016-03-25 00:16:58.909000,1.11638,1.11627,1000000,2620000
2016-03-25 00:16:59.673000,1.11639,1.11627,3000000,1870000
2016-03-25 00:17:00.174000,1.11636,1.11627,1000000,1120000
2016-03-25 00:17:00.508000,1.11634,1.11624,1500000,1500000
2016-03-25 00:17:00.611000,1.11635,1.11626,3750000,1500000
2016-03-25 00:17:00.713000,1.11634,1.11624,1000000,1000000
2016-03-25 00:17:01.840000,1.11634,1.11625,1000000,1500000
2016-03-25 00:17:02.434000,1.11634,1.11624,1000000,2620000
2016-03-25 00:17:03.920000,1.11633,1.11624,1500000,1870000
2016-03-25 00:17:04.572000,1.11631,1.11624,1000000,1000000
2016-03-25 00:17:05.182000,1.11630,1.11624,1000000,1000000
2016-03-25 00:17:06.281000,1.11629,1.11624,1500000,1000000
2016-03-25 00:17:06.332000,1.11629,1.11620,1500000,1000000
2016-03-25 00:17:06.840000,1.11628,1.11620,1000000,1000000
2016-03-25 00:17:07.789000,1.11628,1.11621,1000000,1000000
2016-03-25 00:17:07.942000,1.11628,1.11619,1500000,1000000
2016-03-25 00:17:08.109000,1.11626,1.11618,1500000,2620000
2016-03-25 00:17:08.414000,1.11624,1.11617,1500000,1000000
2016-03-25 00:17:08.515000,1.11627,1.11617,3000000,1000000
2016-03-25 00:17:08.617000,1.11624,1.11617,1000000,1000000
2016-03-25 00:17:08.719000,1.11626,1.11617,1500000,1000000
2016-03-25 00:17:08.821000,1.11624,1.11617,1500000,1000000
2016-03-25 00:17:09.024000,1.11626,1.11617,1500000,1000000
2016-03-25 00:17:09.227000,1.11624,1.11617,1500000,1000000
2016-03-25 00:17:09.329000,1.11626,1.11617,1500000,1000000
2016-03-25 00:17:09.481000,1.11624,1.11617,1000000,1000000
2016-03-25 00:17:09.850000,1.11626,1.11617,1500000,1000000
2016-03-25 00:17:10.003000,1.11624,1.11617,1000000,1000000
2016-03-25 00:17:10.156000,1.11626,1.11617,1500000,1000000
2016-03-25 00:17:10.207000,1.11624,1.11617,1000000,1000000
2016-03-25 00:17:10.359000,1.11626,1.11617,1500000,1000000
2016-03-25 00:17:10.411000,1.11624,1.11616,1000000,3370000
2016-03-25 00:17:10.512000,1.11626,1.11616,1500000,4120000
2016-03-25 00:17:10.614000,1.11624,1.11616,1000000,2620000
2016-03-25 00:17:11.121000,1.11625,1.11616,1500000,3000000
2016-03-25 00:17:11.666000,1.11624,1.11617,1500000,1000000
2016-03-25 00:17:11.970000,1.11624,1.11621,1500000,1000000
2016-03-25 00:17:12.122000,1.11627,1.11621,2250000,1000000
2016-03-25 00:17:12.224000,1.11624,1.11621,1500000,1000000
2016-03-25 00:17:12.731000,1.11625,1.11620,1500000,1000000
2016-03-25 00:17:13.200000,1.11623,1.11621,1000000,1000000
2016-03-25 00:17:13.354000,1.11624,1.11616,1500000,1000000
2016-03-25 00:17:13.608000,1.11621,1.11616,1000000,1000000
2016-03-25 00:17:13.862000,1.11622,1.11614,1500000,1000000
2016-03-25 00:17:15.236000,1.11622,1.11613,1500000,1000000
2016-03-25 00:17:15.743000,1.11622,1.11612,1500000,1000000
2016-03-25 00:17:15.895000,1.11620,1.11612,1000000,1000000
2016-03-25 00:17:16.199000,1.11619,1.11612,1000000,2100000
2016-03-25 00:17:18.293000,1.11617,1.11612,1000000,2100000
2016-03-25 00:17:18.597000,1.11614,1.11612,2250000,2100000
2016-03-25 00:17:18.852000,1.11613,1.11609,1000000,1000000
2016-03-25 00:17:20.278000,1.11614,1.11609,1000000,1000000
2016-03-25 00:17:20.868000,1.11615,1.11609,1500000,1000000
2016-03-25 00:17:21.939000,1.11614,1.11609,1500000,1000000
2016-03-25 00:17:22.243000,1.11612,1.11609,1500000,1000000
2016-03-25 00:17:22.773000,1.11610,1.11608,1000000,1000000
2016-03-25 00:17:25.257000,1.11611,1.11608,2250000,1000000
2016-03-25 00:17:28.617000,1.11609,1.11608,1000000,1000000
2016-03-25 00:17:33.190000,1.11611,1.11608,1500000,1000000
2016-03-25 00:17:33.393000,1.11614,1.11609,1500000,1000000
2016-03-25 00:17:36.692000,1.11616,1.11609,1370000,1000000
2016-03-25 00:17:36.968000,1.11617,1.11609,1000000,1000000
2016-03-25 00:17:37.548000,1.11618,1.11610,1500000,1000000
2016-03-25 00:17:38.057000,1.11619,1.11611,1370000,1000000
2016-03-25 00:17:38.260000,1.11620,1.11611,1120000,1000000
2016-03-25 00:17:38.785000,1.11622,1.11612,1500000,1000000
2016-03-25 00:17:39.292000,1.11622,1.11611,1500000,1000000
2016-03-25 00:17:39.798000,1.11621,1.11612,1500000,1000000
2016-03-25 00:17:39.950000,1.11623,1.11612,3000000,1000000
2016-03-25 00:17:40.481000,1.11623,1.11613,1500000,1000000
2016-03-25 00:17:41.131000,1.11623,1.11613,1500000,1000000
2016-03-25 00:17:44.189000,1.11624,1.11613,1100000,1000000
2016-03-25 00:17:44.559000,1.11626,1.11614,2250000,1000000
2016-03-25 00:17:45.269000,1.11626,1.11615,1000000,1000000
2016-03-25 00:17:45.889000,1.11630,1.11615,1500000,1500000
2016-03-25 00:17:46.244000,1.11631,1.11617,2320000,1000000
2016-03-25 00:17:47.371000,1.11631,1.11617,1100000,1000000
2016-03-25 00:17:47.901000,1.11631,1.11617,2320000,1000000
2016-03-25 00:17:48.522000,1.11631,1.11616,1000000,1000000
2016-03-25 00:17:49.126000,1.11631,1.11617,1000000,1500000
2016-03-25 00:17:49.654000,1.11632,1.11617,1000000,1500000
2016-03-25 00:17:52.487000,1.11634,1.11618,1500000,1000000
2016-03-25 00:17:52.539000,1.11633,1.11618,1000000,1150000
2016-03-25 00:17:52.844000,1.11637,1.11634,1000000,1870000
2016-03-25 00:17:53.440000,1.11637,1.11634,1370000,1500000
2016-03-25 00:17:57.977000,1.11638,1.11634,1000000,1500000
2016-03-25 00:17:58.780000,1.11638,1.11636,1000000,1000000
2016-03-25 00:17:58.831000,1.11643,1.11636,1000000,1500000
2016-03-25 00:17:59.355000,1.11643,1.11637,1000000,1500000
2016-03-25 00:18:01.439000,1.11643,1.11635,1000000,1500000
2016-03-25 00:18:01.542000,1.11643,1.11633,1000000,1500000
2016-03-25 00:18:07.077000,1.11643,1.11634,1000000,1000000
2016-03-25 00:18:07.578000,1.11643,1.11635,1000000,1500000
2016-03-25 00:18:09.388000,1.11642,1.11635,1000000,1500000
2016-03-25 00:18:12.962000,1.11642,1.11636,1000000,1000000
2016-03-25 00:18:15.855000,1.11642,1.11637,1000000,1000000
2016-03-25 00:18:16.383000,1.11642,1.11636,1000000,2620000
2016-03-25 00:18:16.485000,1.11642,1.11638,1000000,1000000
2016-03-25 00:18:22.931000,1.11643,1.11640,1000000,1000000
2016-03-25 00:18:25.217000,1.11644,1.11641,1000000,1000000
2016-03-25 00:18:28.408000,1.11644,1.11640,1000000,3750000
2016-03-25 00:18:39.134000,1.11646,1.11643,1000000,1000000
2016-03-25 00:18:50.967000,1.11645,1.11641,1000000,5250000
2016-03-25 00:18:52.458000,1.11647,1.11645,1000000,1000000
2016-03-25 00:18:52.999000,1.11649,1.11646,1500000,2250000
2016-03-25 00:18:59.340000,1.11650,1.11646,1500000,1500000
2016-03-25 00:18:59.854000,1.11649,1.11646,1000000,2250000
2016-03-25 00:19:00.390000,1.11650,1.11649,1500000,1500000
2016-03-25 00:19:00.543000,1.11655,1.11653,1000000,1500000
2016-03-25 00:19:00.722000,1.11667,1.11664,1000000,2250000
2016-03-25 00:19:01.027000,1.11680,1.11678,1000000,3750000
2016-03-25 00:19:01.129000,1.11682,1.11680,1000000,4500000
2016-03-25 00:19:01.231000,1.11688,1.11687,2250000,1000000
2016-03-25 00:19:01.434000,1.11687,1.11686,1000000,2250000
2016-03-25 00:19:01.994000,1.11689,1.11687,1870000,1000000
2016-03-25 00:19:02.585000,1.11690,1.11688,2060000,1000000
2016-03-25 00:19:02.840000,1.11691,1.11690,1120000,1000000
2016-03-25 00:19:02.943000,1.11693,1.11691,1000000,1500000
2016-03-25 00:19:02.994000,1.11695,1.11693,1000000,1000000
2016-03-25 00:19:04.024000,1.11696,1.11693,1000000,1500000
2016-03-25 00:19:04.607000,1.11692,1.11691,1000000,1500000
2016-03-25 00:19:04.709000,1.11692,1.11689,1000000,1500000
2016-03-25 00:19:04.912000,1.11693,1.11691,1000000,1500000
2016-03-25 00:19:10.256000,1.11693,1.11690,1000000,1870000
2016-03-25 00:19:11.089000,1.11692,1.11689,1000000,2250000
2016-03-25 00:19:13.340000,1.11690,1.11688,1000000,1000000
2016-03-25 00:19:13.391000,1.11689,1.11686,1000000,1500000
2016-03-25 00:19:13.898000,1.11688,1.11686,1000000,1000000
2016-03-25 00:19:14.417000,1.11689,1.11686,1000000,1000000
2016-03-25 00:19:14.520000,1.11687,1.11685,1000000,1000000
2016-03-25 00:19:14.865000,1.11684,1.11683,1000000,1000000
2016-03-25 00:19:17.258000,1.11684,1.11682,1000000,1000000
2016-03-25 00:19:20.312000,1.11686,1.11682,1870000,1000000
2016-03-25 00:19:20.414000,1.11682,1.11678,1000000,1000000
2016-03-25 00:19:20.517000,1.11679,1.11678,1000000,1000000
2016-03-25 00:19:20.619000,1.11684,1.11678,2250000,1000000
2016-03-25 00:19:20.721000,1.11684,1.11674,1500000,1000000
2016-03-25 00:19:20.924000,1.11683,1.11671,1500000,1000000
2016-03-25 00:19:21.565000,1.11686,1.11670,3370000,1350000
2016-03-25 00:19:21.768000,1.11686,1.11672,1870000,1000000
2016-03-25 00:19:21.819000,1.11686,1.11672,2250000,1000000
2016-03-25 00:19:22.841000,1.11684,1.11672,1000000,1000000
2016-03-25 00:19:25.928000,1.11681,1.11672,1000000,1000000
2016-03-25 00:19:26.233000,1.11679,1.11670,1500000,1000000
2016-03-25 00:19:26.284000,1.11685,1.11670,3370000,1000000
2016-03-25 00:19:26.335000,1.11684,1.11680,1000000,1370000
2016-03-25 00:19:26.649000,1.11686,1.11674,1370000,1500000
2016-03-25 00:19:26.802000,1.11687,1.11671,1870000,1000000
2016-03-25 00:19:27.338000,1.11687,1.11672,1870000,1000000
2016-03-25 00:19:28.690000,1.11685,1.11672,1000000,1000000
2016-03-25 00:19:29.209000,1.11684,1.11672,1000000,1000000
2016-03-25 00:19:30.536000,1.11681,1.11672,1000000,1000000
2016-03-25 00:19:30.843000,1.11679,1.11669,1120000,1600000
2016-03-25 00:19:31.387000,1.11679,1.11669,1370000,1720000
2016-03-25 00:19:35.044000,1.11679,1.11668,1500000,2470000
2016-03-25 00:19:35.680000,1.11680,1.11670,1500000,1350000
2016-03-25 00:19:35.782000,1.11683,1.11670,3000000,1350000
2016-03-25 00:19:37.488000,1.11683,1.11671,3000000,1000000
2016-03-25 00:19:38.031000,1.11683,1.11672,1870000,1000000
2016-03-25 00:19:43.760000,1.11683,1.11670,1500000,1350000
2016-03-25 00:19:43.811000,1.11687,1.11670,3000000,1350000
2016-03-25 00:19:44.359000,1.11687,1.11672,2250000,1000000
2016-03-25 00:19:44.940000,1.11687,1.11672,1120000,1500000
2016-03-25 00:19:49.795000,1.11688,1.11672,1120000,1500000
2016-03-25 00:19:52.982000,1.11688,1.11671,1000000,1500000
2016-03-25 00:20:00.929000,1.11688,1.11672,1000000,1000000
2016-03-25 00:20:01.031000,1.11688,1.11675,1000000,1500000
2016-03-25 00:20:02.690000,1.11679,1.11675,1000000,1000000
2016-03-25 00:20:02.742000,1.11679,1.11673,1000000,2250000
2016-03-25 00:20:02.793000,1.11681,1.11673,1000000,2250000
2016-03-25 00:20:02.896000,1.11682,1.11671,1500000,1500000
2016-03-25 00:20:02.947000,1.11684,1.11671,1500000,1500000
2016-03-25 00:20:03.484000,1.11684,1.11670,1500000,1000000
2016-03-25 00:20:10.078000,1.11687,1.11670,2250000,1500000
2016-03-25 00:20:12.989000,1.11687,1.11670,1370000,1500000
2016-03-25 00:20:13.041000,1.11688,1.11670,4120000,1500000
2016-03-25 00:20:13.143000,1.11688,1.11672,3750000,1000000
2016-03-25 00:20:13.372000,1.11688,1.11670,4500000,1500000
2016-03-25 00:20:18.991000,1.11688,1.11670,4120000,1500000
2016-03-25 00:20:20.260000,1.11686,1.11669,1870000,1500000
2016-03-25 00:20:28.556000,1.11686,1.11670,2250000,1000000
2016-03-25 00:20:29.553000,1.11686,1.11670,1500000,1000000
2016-03-25 00:20:31.244000,1.11686,1.11670,2250000,1500000
2016-03-25 00:20:31.887000,1.11686,1.11671,1500000,1000000
2016-03-25 00:20:37.046000,1.11686,1.11671,2250000,1000000
2016-03-25 00:20:37.148000,1.11686,1.11671,1120000,1000000
2016-03-25 00:20:42.739000,1.11687,1.11671,2620000,1000000
2016-03-25 00:20:45.030000,1.11687,1.11671,1870000,1000000
2016-03-25 00:20:48.575000,1.11687,1.11671,1870000,1000000
2016-03-25 00:20:49.385000,1.11688,1.11671,4870000,1000000
2016-03-25 00:20:50.029000,1.11688,1.11670,1120000,1000000
2016-03-25 00:20:50.080000,1.11688,1.11673,1120000,1000000
2016-03-25 00:20:50.343000,1.11690,1.11673,4690000,2250000
2016-03-25 00:20:50.445000,1.11690,1.11675,3000000,2250000
2016-03-25 00:20:50.952000,1.11690,1.11676,1000000,1500000
2016-03-25 00:20:51.636000,1.11690,1.11677,1000000,1000000
2016-03-25 00:20:52.952000,1.11690,1.11676,1000000,1000000
2016-03-25 00:20:53.500000,1.11690,1.11677,1000000,1000000
2016-03-25 00:20:54.142000,1.11690,1.11676,1000000,1000000
2016-03-25 00:20:54.561000,1.11690,1.11678,1000000,1000000
2016-03-25 00:20:55.111000,1.11690,1.11679,1000000,2250000
2016-03-25 00:20:58.662000,1.11690,1.11679,1000000,2250000
2016-03-25 00:20:59.659000,1.11690,1.11679,1000000,3750000
2016-03-25 00:21:03.674000,1.11690,1.11681,1000000,2250000
2016-03-25 00:21:04.029000,1.11690,1.11684,1000000,1000000
2016-03-25 00:21:04.656000,1.11690,1.11683,1000000,2250000
2016-03-25 00:21:13.309000,1.11690,1.11684,1000000,1000000
2016-03-25 00:21:22.019000,1.11690,1.11684,1000000,2250000
2016-03-25 00:21:26.274000,1.11690,1.11686,1000000,1000000
2016-03-25 00:21:26.809000,1.11690,1.11685,1000000,3750000
2016-03-25 00:21:27.316000,1.11690,1.11684,1000000,1500000
2016-03-25 00:21:44.156000,1.11690,1.11685,1000000,1000000
2016-03-25 00:21:44.931000,1.11690,1.11683,1000000,1570000
2016-03-25 00:21:45.438000,1.11690,1.11682,1000000,1000000
2016-03-25 00:21:48.114000,1.11690,1.11681,1000000,1870000
2016-03-25 00:21:48.571000,1.11690,1.11685,1000000,1000000
2016-03-25 00:21:49.078000,1.11691,1.11686,1000000,1500000
2016-03-25 00:21:55.577000,1.11691,1.11687,1000000,1000000
2016-03-25 00:21:57.054000,1.11691,1.11686,1000000,2250000
2016-03-25 00:21:58.064000,1.11691,1.11686,1000000,3000000
2016-03-25 00:22:00.042000,1.11691,1.11687,1000000,2250000
2016-03-25 00:22:04.189000,1.11691,1.11687,1000000,1120000
2016-03-25 00:22:05.790000,1.11692,1.11687,1000000,1870000
2016-03-25 00:22:07.217000,1.11690,1.11687,1000000,1000000
2016-03-25 00:22:07.723000,1.11689,1.11685,1000000,4120000
2016-03-25 00:22:08.370000,1.11689,1.11686,1000000,1500000
2016-03-25 00:22:10.513000,1.11690,1.11687,1000000,1500000
2016-03-25 00:22:13.379000,1.11690,1.11687,1000000,1500000
2016-03-25 00:22:15.510000,1.11689,1.11687,1000000,1370000
2016-03-25 00:22:18.856000,1.11690,1.11686,1000000,1870000
2016-03-25 00:22:19.676000,1.11689,1.11686,1000000,1120000
2016-03-25 00:22:21.676000,1.11689,1.11686,1000000,1500000
2016-03-25 00:22:22.724000,1.11690,1.11686,1000000,2250000
2016-03-25 00:22:24.681000,1.11690,1.11687,1000000,1000000
2016-03-25 00:22:27.685000,1.11690,1.11687,1000000,1500000
2016-03-25 00:22:30.652000,1.11689,1.11685,1000000,4120000
2016-03-25 00:22:33.807000,1.11689,1.11685,1000000,3370000
2016-03-25 00:22:35.622000,1.11690,1.11686,1000000,1750000
2016-03-25 00:22:39.638000,1.11690,1.11686,1000000,1500000
2016-03-25 00:22:41.542000,1.11690,1.11687,1000000,1000000
2016-03-25 00:22:42.048000,1.11691,1.11687,1000000,2250000
2016-03-25 00:22:42.645000,1.11690,1.11687,1000000,1120000
2016-03-25 00:22:47.656000,1.11690,1.11686,1000000,1870000
2016-03-25 00:22:48.258000,1.11690,1.11687,1000000,1000000
2016-03-25 00:22:51.275000,1.11689,1.11685,1000000,1120000
2016-03-25 00:22:51.822000,1.11690,1.11686,1000000,1000000
2016-03-25 00:22:56.014000,1.11690,1.11687,1000000,1100000
2016-03-25 00:23:03.160000,1.11691,1.11687,1000000,1950000
2016-03-25 00:23:04.340000,1.11690,1.11686,1000000,1120000
2016-03-25 00:23:06.863000,1.11691,1.11686,1000000,1870000
2016-03-25 00:23:13.036000,1.11691,1.11687,1000000,1000000
2016-03-25 00:23:21.006000,1.11691,1.11687,1000000,1470000
2016-03-25 00:23:22.125000,1.11691,1.11687,1000000,1120000
2016-03-25 00:23:23.470000,1.11688,1.11686,1120000,1000000
2016-03-25 00:23:23.585000,1.11687,1.11683,1120000,2250000
2016-03-25 00:23:23.687000,1.11684,1.11681,1000000,1000000
2016-03-25 00:23:23.993000,1.11684,1.11677,1870000,1120000
2016-03-25 00:23:24.095000,1.11684,1.11673,1870000,1500000
2016-03-25 00:23:24.146000,1.11682,1.11673,1000000,1500000
2016-03-25 00:23:24.349000,1.11681,1.11669,1500000,1000000
2016-03-25 00:23:24.502000,1.11680,1.11668,4120000,1370000
2016-03-25 00:23:24.655000,1.11679,1.11665,1870000,1000000
2016-03-25 00:23:25.178000,1.11679,1.11664,1870000,1000000
2016-03-25 00:23:29.776000,1.11679,1.11663,1500000,1000000
2016-03-25 00:23:33.103000,1.11679,1.11661,1500000,1000000
2016-03-25 00:23:35.901000,1.11678,1.11661,1500000,1000000
2016-03-25 00:23:38.535000,1.11679,1.11661,3370000,1000000
2016-03-25 00:23:38.940000,1.11677,1.11661,1000000,1000000
2016-03-25 00:23:45.181000,1.11676,1.11661,1000000,1000000
2016-03-25 00:23:45.703000,1.11676,1.11660,1500000,1000000
2016-03-25 00:23:51.440000,1.11676,1.11660,1870000,1000000
2016-03-25 00:23:51.833000,1.11674,1.11660,1870000,1000000
2016-03-25 00:23:52.341000,1.11672,1.11659,1870000,1000000
2016-03-25 00:23:53.259000,1.11671,1.11659,1000000,1000000
2016-03-25 00:23:53.513000,1.11671,1.11657,1870000,1000000
2016-03-25 00:23:54.059000,1.11671,1.11658,1870000,1000000
2016-03-25 00:24:12.247000,1.11671,1.11656,1500000,1000000
2016-03-25 00:24:17.957000,1.11671,1.11657,1500000,1000000
2016-03-25 00:24:26.421000,1.11668,1.11656,1870000,1000000
2016-03-25 00:24:29.283000,1.11668,1.11657,2620000,1000000
2016-03-25 00:24:29.791000,1.11666,1.11656,1370000,1000000
2016-03-25 00:24:30.313000,1.11665,1.11655,1120000,1000000
2016-03-25 00:24:31.321000,1.11664,1.11655,1000000,1000000
2016-03-25 00:24:31.828000,1.11664,1.11655,2620000,1000000
2016-03-25 00:24:32.413000,1.11664,1.11655,2620000,1000000
2016-03-25 00:24:32.920000,1.11663,1.11654,2250000,1000000
2016-03-25 00:24:34.199000,1.11665,1.11654,1500000,1000000
2016-03-25 00:24:34.782000,1.11665,1.11655,1500000,1000000
2016-03-25 00:24:45.197000,1.11666,1.11655,2250000,1000000
2016-03-25 00:24:52.994000,1.11667,1.11655,1000000,1000000
2016-03-25 00:24:53.097000,1.11670,1.11655,1000000,1000000
2016-03-25 00:24:53.614000,1.11671,1.11658,1120000,1000000
2016-03-25 00:25:32.181000,1.11672,1.11658,1570000,1000000
2016-03-25 00:25:34.150000,1.11672,1.11653,1570000,1470000
2016-03-25 00:25:34.758000,1.11672,1.11652,1570000,1070000
2016-03-25 00:25:49.678000,1.11673,1.11653,1570000,1470000
2016-03-25 00:25:49.729000,1.11675,1.11659,1120000,1000000
2016-03-25 00:25:50.053000,1.11675,1.11661,1120000,1500000
2016-03-25 00:25:51.541000,1.11675,1.11661,1070000,1500000
2016-03-25 00:25:56.733000,1.11675,1.11663,1070000,1000000
2016-03-25 00:26:02.306000,1.11676,1.11665,1070000,1000000
2016-03-25 00:26:02.458000,1.11677,1.11665,1570000,1500000
2016-03-25 00:26:07.502000,1.11678,1.11665,1070000,1000000
2016-03-25 00:26:16.537000,1.11678,1.11665,1450000,1000000
2016-03-25 00:26:17.053000,1.11678,1.11665,1070000,1000000
2016-03-25 00:26:18.821000,1.11678,1.11665,1070000,1000000
2016-03-25 00:26:20.698000,1.11678,1.11665,1100000,1000000
2016-03-25 00:26:25.294000,1.11679,1.11664,1570000,1500000
2016-03-25 00:26:29.713000,1.11679,1.11664,1570000,3750000
2016-03-25 00:26:31.760000,1.11679,1.11665,1570000,1120000
2016-03-25 00:26:32.658000,1.11679,1.11664,1950000,3000000
2016-03-25 00:26:33.217000,1.11679,1.11665,4200000,1370000
2016-03-25 00:26:33.720000,1.11679,1.11664,2320000,2250000
2016-03-25 00:26:34.253000,1.11679,1.11665,1070000,1500000
2016-03-25 00:26:37.670000,1.11679,1.11665,1100000,1500000
2016-03-25 00:26:40.729000,1.11679,1.11665,1200000,1870000
2016-03-25 00:26:41.761000,1.11678,1.11665,1000000,4120000
2016-03-25 00:26:42.266000,1.11679,1.11667,1570000,1500000
2016-03-25 00:26:49.176000,1.11679,1.11667,1950000,1500000
2016-03-25 00:26:52.991000,1.11679,1.11669,1570000,1000000
2016-03-25 00:26:53.194000,1.11681,1.11669,1420000,1500000
2016-03-25 00:27:05.237000,1.11681,1.11668,1100000,1500000
2016-03-25 00:27:07.335000,1.11681,1.11668,1200000,2250000
2016-03-25 00:27:08.325000,1.11681,1.11668,1200000,2250000
2016-03-25 00:27:08.845000,1.11681,1.11668,1200000,2250000
2016-03-25 00:27:09.610000,1.11681,1.11668,1200000,3000000
2016-03-25 00:27:10.145000,1.11681,1.11668,1200000,3000000
2016-03-25 00:27:11.017000,1.11681,1.11668,1200000,3000000
2016-03-25 00:27:12.949000,1.11681,1.11669,1200000,1120000
2016-03-25 00:27:13.455000,1.11681,1.11668,1100000,2250000
2016-03-25 00:27:24.025000,1.11681,1.11668,1470000,2250000
2016-03-25 00:27:25.035000,1.11681,1.11668,1100000,2250000
2016-03-25 00:27:33.016000,1.11681,1.11669,1100000,1000000
2016-03-25 00:27:33.067000,1.11681,1.11671,1100000,1500000
2016-03-25 00:27:43.869000,1.11682,1.11674,2320000,1120000
2016-03-25 00:27:44.174000,1.11682,1.11678,1000000,4500000
2016-03-25 00:27:46.034000,1.11682,1.11679,1000000,3750000
2016-03-25 00:27:48.040000,1.11682,1.11680,1000000,3750000
2016-03-25 00:27:53.418000,1.11682,1.11679,1000000,3750000
2016-03-25 00:27:53.520000,1.11682,1.11677,1000000,1500000
2016-03-25 00:27:55.332000,1.11680,1.11677,1000000,1500000
2016-03-25 00:27:55.891000,1.11682,1.11677,1000000,1500000
2016-03-25 00:28:14.180000,1.11682,1.11680,1000000,1500000
2016-03-25 00:28:14.332000,1.11682,1.11678,1000000,3000000
2016-03-25 00:28:16.955000,1.11682,1.11677,1000000,1500000
2016-03-25 00:28:25.252000,1.11682,1.11676,1000000,2250000
2016-03-25 00:28:51.389000,1.11682,1.11675,1000000,1500000
2016-03-25 00:28:53.978000,1.11682,1.11674,2320000,1000000
2016-03-25 00:28:54.029000,1.11682,1.11672,2320000,1120000
2016-03-25 00:28:54.081000,1.11681,1.11669,1070000,1120000
2016-03-25 00:28:55.708000,1.11681,1.11668,2320000,1000000
2016-03-25 00:28:56.287000,1.11681,1.11667,2320000,3000000
2016-03-25 00:29:13.192000,1.11681,1.11666,2320000,2250000
2016-03-25 00:29:14.599000,1.11679,1.11663,1000000,3000000
2016-03-25 00:29:15.161000,1.11679,1.11663,2250000,3000000
2016-03-25 00:29:15.822000,1.11679,1.11664,2250000,1000000
2016-03-25 00:29:16.529000,1.11679,1.11663,2320000,3000000
2016-03-25 00:29:18.591000,1.11678,1.11664,1000000,1120000
2016-03-25 00:29:19.120000,1.11678,1.11662,1500000,1500000
2016-03-25 00:29:19.646000,1.11678,1.11661,1500000,2320000
2016-03-25 00:29:22.472000,1.11678,1.11662,1570000,1000000
2016-03-25 00:29:23.412000,1.11678,1.11661,1570000,1750000
2016-03-25 00:29:26.816000,1.11678,1.11662,1570000,1000000
2016-03-25 00:29:33.941000,1.11678,1.11662,2620000,1500000
2016-03-25 00:29:34.479000,1.11678,1.11660,1000000,3070000
2016-03-25 00:29:37.344000,1.11678,1.11660,1000000,4570000
2016-03-25 00:29:37.997000,1.11678,1.11660,1370000,4570000
2016-03-25 00:29:39.074000,1.11678,1.11661,1450000,1000000
2016-03-25 00:29:41.677000,1.11677,1.11660,1100000,3000000
2016-03-25 00:29:41.729000,1.11677,1.11660,1570000,3000000
2016-03-25 00:29:42.631000,1.11677,1.11661,2320000,1000000
2016-03-25 00:29:44.236000,1.11676,1.11660,1070000,2620000
2016-03-25 00:29:55.262000,1.11676,1.11660,1070000,3370000
2016-03-25 00:29:56.263000,1.11676,1.11660,1070000,4500000
2016-03-25 00:29:59.255000,1.11676,1.11661,1070000,1750000
2016-03-25 00:30:08.237000,1.11676,1.11662,2320000,1120000
2016-03-25 00:30:08.366000,1.11676,1.11660,2320000,3000000
2016-03-25 00:30:09.238000,1.11676,1.11660,2320000,3370000
2016-03-25 00:30:10.325000,1.11676,1.11661,2320000,1750000
2016-03-25 00:30:12.242000,1.11676,1.11662,2320000,1750000
2016-03-25 00:30:13.494000,1.11676,1.11663,2320000,1000000
2016-03-25 00:30:16.499000,1.11676,1.11664,1070000,1120000
2016-03-25 00:30:18.603000,1.11676,1.11664,1100000,1120000
2016-03-25 00:30:40.602000,1.11676,1.11660,1500000,1870000
2016-03-25 00:30:47.447000,1.11676,1.11661,1500000,1500000
2016-03-25 00:30:56.748000,1.11676,1.11660,1500000,1500000
2016-03-25 00:30:57.261000,1.11675,1.11660,1000000,1000000
2016-03-25 00:31:10.494000,1.11675,1.11660,2320000,1870000
2016-03-25 00:31:11.349000,1.11675,1.11660,2320000,1120000
2016-03-25 00:31:12.994000,1.11675,1.11660,2320000,1500000
2016-03-25 00:31:15.961000,1.11675,1.11660,2320000,2620000
2016-03-25 00:31:17.068000,1.11675,1.11660,2320000,1500000
2016-03-25 00:31:21.141000,1.11674,1.11656,1000000,1000000
2016-03-25 00:31:21.193000,1.11672,1.11653,1500000,3070000
2016-03-25 00:31:21.346000,1.11672,1.11653,1500000,2700000
2016-03-25 00:31:26.289000,1.11670,1.11653,1000000,1100000
2016-03-25 00:31:31.707000,1.11668,1.11653,1000000,1000000
2016-03-25 00:31:39.765000,1.11668,1.11653,3750000,1000000
2016-03-25 00:31:44.197000,1.11668,1.11653,3000000,1000000
2016-03-25 00:31:45.211000,1.11669,1.11653,3000000,1000000
2016-03-25 00:31:45.781000,1.11668,1.11653,1500000,1000000
2016-03-25 00:31:49.012000,1.11669,1.11653,3000000,1000000
2016-03-25 00:31:49.261000,1.11668,1.11649,1500000,1320000
2016-03-25 00:31:53.942000,1.11669,1.11648,2620000,2810000
2016-03-25 00:31:55.041000,1.11669,1.11648,2620000,2510000
2016-03-25 00:31:55.612000,1.11669,1.11648,2250000,1010000
2016-03-25 00:31:57.881000,1.11668,1.11646,1500000,2440000
2016-03-25 00:31:59.036000,1.11667,1.11649,1500000,1260000
2016-03-25 00:31:59.772000,1.11668,1.11649,3000000,1260000
2016-03-25 00:32:00.322000,1.11667,1.11649,1500000,1070000
2016-03-25 00:32:01.158000,1.11668,1.11649,3000000,1070000
2016-03-25 00:32:01.718000,1.11667,1.11649,1500000,1070000
2016-03-25 00:32:03.282000,1.11668,1.11649,3000000,1000000
2016-03-25 00:32:03.980000,1.11667,1.11649,1500000,1000000
2016-03-25 00:32:04.958000,1.11668,1.11649,3000000,1000000
2016-03-25 00:32:05.488000,1.11667,1.11649,3000000,1000000
2016-03-25 00:32:07.062000,1.11667,1.11649,3000000,1070000
2016-03-25 00:32:07.746000,1.11665,1.11649,1000000,1070000
2016-03-25 00:32:15.050000,1.11664,1.11650,1000000,1000000
2016-03-25 00:32:20.268000,1.11664,1.11659,1000000,1000000
2016-03-25 00:32:20.828000,1.11664,1.11654,2250000,1870000
2016-03-25 00:32:20.930000,1.11664,1.11651,1500000,1000000
2016-03-25 00:32:23.794000,1.11664,1.11658,1500000,1000000
2016-03-25 00:32:25.380000,1.11664,1.11655,1500000,1250000
2016-03-25 00:32:25.482000,1.11662,1.11655,1000000,1000000
2016-03-25 00:32:25.636000,1.11662,1.11651,1500000,1000000
2016-03-25 00:32:26.139000,1.11662,1.11650,1500000,1000000
2016-03-25 00:32:37.903000,1.11664,1.11650,2250000,1000000
2016-03-25 00:32:56.258000,1.11664,1.11647,1500000,1000000
2016-03-25 00:32:56.766000,1.11664,1.11646,1500000,1000000
2016-03-25 00:33:01.434000,1.11666,1.11646,3070000,1000000
2016-03-25 00:33:04.489000,1.11666,1.11646,3070000,1000000
2016-03-25 00:33:08.554000,1.11664,1.11646,1000000,1120000
2016-03-25 00:33:13.040000,1.11665,1.11646,3000000,1000000
2016-03-25 00:33:18.118000,1.11665,1.11646,4120000,1000000
2016-03-25 00:33:24.281000,1.11666,1.11646,1950000,1000000
2016-03-25 00:33:36.046000,1.11667,1.11645,2320000,1000000
2016-03-25 00:33:40.232000,1.11667,1.11645,1570000,2250000
2016-03-25 00:33:55.675000,1.11666,1.11646,1950000,1500000
2016-03-25 00:33:56.181000,1.11666,1.11646,1570000,1000000
2016-03-25 00:34:10.974000,1.11666,1.11647,1570000,1000000
2016-03-25 00:34:30.690000,1.11665,1.11647,1500000,1000000
2016-03-25 00:34:37.153000,1.11667,1.11647,1000000,1000000
2016-03-25 00:34:37.710000,1.11665,1.11647,1500000,1000000
2016-03-25 00:34:38.664000,1.11665,1.11645,1500000,1500000
2016-03-25 00:34:39.187000,1.11666,1.11645,1000000,1500000
2016-03-25 00:34:55.621000,1.11666,1.11645,1500000,2250000
2016-03-25 00:34:56.125000,1.11665,1.11645,1500000,2250000
2016-03-25 00:34:56.638000,1.11665,1.11645,1500000,3000000
2016-03-25 00:34:59.682000,1.11665,1.11645,1500000,3000000
2016-03-25 00:35:01.647000,1.11665,1.11645,1500000,1870000
2016-03-25 00:35:03.618000,1.11664,1.11645,1000000,2620000
2016-03-25 00:35:04.125000,1.11663,1.11646,1500000,1370000
2016-03-25 00:35:04.664000,1.11663,1.11647,1500000,1370000
2016-03-25 00:35:09.588000,1.11663,1.11647,2250000,1120000
2016-03-25 00:35:09.639000,1.11663,1.11644,3000000,3750000
2016-03-25 00:35:10.777000,1.11662,1.11645,1000000,1000000
2016-03-25 00:35:11.081000,1.11660,1.11645,1000000,1000000
2016-03-25 00:35:11.637000,1.11660,1.11644,1000000,1500000
2016-03-25 00:35:12.562000,1.11660,1.11644,1000000,1500000
2016-03-25 00:35:13.794000,1.11662,1.11644,1500000,1370000
2016-03-25 00:35:13.846000,1.11660,1.11644,1000000,1370000
2016-03-25 00:35:14.278000,1.11658,1.11644,1500000,1500000
2016-03-25 00:35:14.889000,1.11658,1.11644,1500000,1000000
2016-03-25 00:35:15.396000,1.11657,1.11644,1000000,1000000
2016-03-25 00:35:20.542000,1.11656,1.11644,3750000,1000000
2016-03-25 00:35:20.847000,1.11647,1.11644,1500000,1000000
2016-03-25 00:35:20.999000,1.11652,1.11644,1000000,1000000
2016-03-25 00:35:21.238000,1.11656,1.11644,1000000,1000000
2016-03-25 00:35:21.758000,1.11655,1.11644,1500000,1000000
2016-03-25 00:35:25.363000,1.11654,1.11644,1000000,1000000
2016-03-25 00:35:25.617000,1.11652,1.11644,1000000,1000000
2016-03-25 00:35:26.169000,1.11651,1.11644,1000000,1000000
2016-03-25 00:35:26.672000,1.11650,1.11644,1500000,1000000
2016-03-25 00:35:27.079000,1.11648,1.11644,1500000,1000000
2016-03-25 00:35:35.682000,1.11649,1.11644,1000000,1000000
2016-03-25 00:35:36.220000,1.11650,1.11644,2250000,1000000
2016-03-25 00:35:36.532000,1.11648,1.11644,1000000,1000000
2016-03-25 00:35:37.229000,1.11650,1.11644,1500000,1000000
2016-03-25 00:35:58.552000,1.11656,1.11644,2250000,1000000
2016-03-25 00:35:58.653000,1.11658,1.11649,1000000,1000000
2016-03-25 00:35:58.958000,1.11664,1.11654,1120000,1500000
2016-03-25 00:35:59.759000,1.11665,1.11654,1870000,1500000
2016-03-25 00:36:00.865000,1.11665,1.11654,1870000,1500000
2016-03-25 00:36:01.874000,1.11665,1.11656,1870000,1000000
2016-03-25 00:36:02.673000,1.11668,1.11656,1570000,1500000
2016-03-25 00:36:03.181000,1.11670,1.11657,4200000,1500000
2016-03-25 00:36:03.688000,1.11669,1.11656,1570000,1500000
2016-03-25 00:36:04.405000,1.11669,1.11657,1570000,1000000
2016-03-25 00:36:04.506000,1.11670,1.11659,1070000,1000000
2016-03-25 00:36:05.013000,1.11671,1.11660,1870000,1500000
2016-03-25 00:36:05.582000,1.11669,1.11659,1570000,1500000
2016-03-25 00:36:08.944000,1.11671,1.11660,1120000,1500000
2016-03-25 00:36:09.248000,1.11672,1.11659,2320000,1500000
2016-03-25 00:36:09.932000,1.11671,1.11660,1070000,1000000
2016-03-25 00:36:10.034000,1.11671,1.11662,1070000,1000000
2016-03-25 00:36:10.635000,1.11671,1.11661,1070000,1500000
2016-03-25 00:36:11.139000,1.11671,1.11662,1070000,1500000
2016-03-25 00:36:11.545000,1.11674,1.11660,1370000,1500000
2016-03-25 00:36:12.099000,1.11675,1.11661,3370000,1500000
2016-03-25 00:36:16.966000,1.11674,1.11660,1870000,3000000
2016-03-25 00:36:17.484000,1.11675,1.11661,1370000,1000000
2016-03-25 00:36:18.019000,1.11674,1.11660,1870000,1500000
2016-03-25 00:36:21.267000,1.11675,1.11661,2620000,1500000
2016-03-25 00:36:23.166000,1.11672,1.11661,1570000,3000000
2016-03-25 00:36:24.468000,1.11672,1.11662,1570000,1870000
2016-03-25 00:36:25.382000,1.11671,1.11662,1570000,1000000
2016-03-25 00:36:25.884000,1.11671,1.11661,1570000,2250000
2016-03-25 00:36:27.690000,1.11668,1.11661,1000000,1870000
2016-03-25 00:36:28.876000,1.11667,1.11661,1000000,1870000
2016-03-25 00:36:29.484000,1.11666,1.11659,1000000,1500000
2016-03-25 00:36:29.687000,1.11664,1.11658,1000000,2250000
2016-03-25 00:36:30.896000,1.11665,1.11658,1000000,1120000
2016-03-25 00:36:31.605000,1.11665,1.11657,1000000,1870000
2016-03-25 00:36:32.507000,1.11664,1.11657,1000000,1120000
2016-03-25 00:36:33.387000,1.11664,1.11656,1000000,1000000
2016-03-25 00:36:34.589000,1.11664,1.11654,1500000,1500000
2016-03-25 00:36:38.989000,1.11662,1.11654,1000000,1500000
2016-03-25 00:36:39.496000,1.11662,1.11653,1000000,2250000
2016-03-25 00:36:40.003000,1.11661,1.11651,1500000,1870000
2016-03-25 00:36:40.531000,1.11662,1.11650,1000000,3000000
2016-03-25 00:36:41.108000,1.11662,1.11650,1000000,3750000
2016-03-25 00:36:42.077000,1.11661,1.11651,1000000,1370000
2016-03-25 00:36:42.588000,1.11660,1.11650,1000000,1370000
2016-03-25 00:36:43.439000,1.11660,1.11650,1000000,1000000
2016-03-25 00:36:43.667000,1.11662,1.11648,3000000,2250000
2016-03-25 00:36:43.731000,1.11660,1.11648,1000000,1500000
2016-03-25 00:36:43.935000,1.11662,1.11648,2250000,1500000
2016-03-25 00:36:44.087000,1.11660,1.11648,1000000,1120000
2016-03-25 00:36:44.646000,1.11661,1.11646,1500000,3970000
2016-03-25 00:36:45.182000,1.11661,1.11647,1500000,1350000
2016-03-25 00:36:45.750000,1.11660,1.11647,1000000,1300000
2016-03-25 00:36:46.055000,1.11662,1.11647,1500000,1720000
2016-03-25 00:36:46.207000,1.11660,1.11647,1000000,1720000
2016-03-25 00:36:46.359000,1.11662,1.11647,1500000,1350000
2016-03-25 00:36:46.411000,1.11658,1.11647,1000000,1350000
2016-03-25 00:36:46.918000,1.11657,1.11647,1500000,1720000
2016-03-25 00:36:51.940000,1.11656,1.11647,1500000,1300000
2016-03-25 00:36:52.244000,1.11653,1.11647,1500000,1300000
2016-03-25 00:36:59.430000,1.11652,1.11647,1000000,1300000
2016-03-25 00:37:00.787000,1.11652,1.11644,1500000,1000000
2016-03-25 00:37:05.195000,1.11653,1.11644,1500000,1000000
2016-03-25 00:37:07.390000,1.11654,1.11644,1000000,1000000
2016-03-25 00:37:07.922000,1.11653,1.11644,1000000,1000000
2016-03-25 00:37:08.024000,1.11655,1.11644,1500000,1000000
2016-03-25 00:37:08.530000,1.11655,1.11643,1500000,1000000
2016-03-25 00:37:20.808000,1.11655,1.11645,3000000,1000000
2016-03-25 00:37:20.961000,1.11656,1.11643,1500000,1000000
2016-03-25 00:37:24.867000,1.11656,1.11644,1500000,1000000
2016-03-25 00:37:30.140000,1.11656,1.11643,1500000,2510000
2016-03-25 00:37:30.660000,1.11655,1.11643,1000000,1760000
2016-03-25 00:37:30.964000,1.11653,1.11643,1000000,1260000
2016-03-25 00:37:31.116000,1.11656,1.11643,1500000,1260000
2016-03-25 00:37:31.168000,1.11652,1.11643,1000000,1190000
2016-03-25 00:37:31.535000,1.11652,1.11647,1500000,1000000
2016-03-25 00:37:33.048000,1.11652,1.11643,1000000,1250000
2016-03-25 00:37:33.099000,1.11654,1.11643,1000000,1250000
2016-03-25 00:37:33.150000,1.11651,1.11647,1000000,1000000
2016-03-25 00:37:33.750000,1.11651,1.11645,1500000,1500000
2016-03-25 00:37:34.258000,1.11650,1.11645,1500000,1500000
2016-03-25 00:37:34.568000,1.11649,1.11643,1000000,1250000
2016-03-25 00:37:34.940000,1.11652,1.11643,1500000,1250000
2016-03-25 00:37:35.093000,1.11649,1.11643,1500000,1000000
2016-03-25 00:37:35.601000,1.11648,1.11643,1500000,1000000
2016-03-25 00:37:36.109000,1.11649,1.11643,1500000,1000000
2016-03-25 00:37:37.266000,1.11648,1.11643,1000000,1000000
2016-03-25 00:37:37.772000,1.11649,1.11643,1500000,1000000
2016-03-25 00:37:39.141000,1.11650,1.11643,1500000,1190000
2016-03-25 00:37:39.243000,1.11654,1.11643,1500000,1190000
2016-03-25 00:37:39.345000,1.11657,1.11643,1000000,1190000
2016-03-25 00:37:39.700000,1.11654,1.11643,1000000,1250000
2016-03-25 00:37:40.074000,1.11659,1.11643,1000000,1190000
2016-03-25 00:37:40.176000,1.11662,1.11643,1500000,1190000
2016-03-25 00:37:40.278000,1.11656,1.11643,1000000,1000000
2016-03-25 00:37:40.533000,1.11660,1.11643,1500000,1190000
2016-03-25 00:37:40.787000,1.11658,1.11643,1000000,1190000
2016-03-25 00:37:40.939000,1.11660,1.11643,1500000,1190000
2016-03-25 00:37:41.041000,1.11662,1.11643,2620000,1190000
2016-03-25 00:37:41.092000,1.11656,1.11643,1000000,1190000
2016-03-25 00:37:41.346000,1.11661,1.11643,2250000,1190000
2016-03-25 00:37:41.397000,1.11655,1.11643,1000000,1190000
2016-03-25 00:37:41.944000,1.11656,1.11643,1500000,1190000
2016-03-25 00:37:42.702000,1.11655,1.11643,1000000,1190000
2016-03-25 00:37:43.209000,1.11656,1.11643,1500000,1190000
2016-03-25 00:37:43.713000,1.11655,1.11643,1000000,1190000
2016-03-25 00:37:44.271000,1.11656,1.11643,1500000,1190000
2016-03-25 00:37:44.820000,1.11655,1.11643,1500000,1190000
2016-03-25 00:37:46.627000,1.11653,1.11643,1000000,1000000
2016-03-25 00:37:47.089000,1.11651,1.11643,1000000,1000000
2016-03-25 00:37:47.408000,1.11649,1.11643,1000000,1000000
2016-03-25 00:37:48.383000,1.11650,1.11643,1500000,1000000
2016-03-25 00:37:48.891000,1.11649,1.11643,1000000,1000000
2016-03-25 00:37:49.420000,1.11648,1.11643,1000000,1000000
2016-03-25 00:37:49.936000,1.11647,1.11643,1000000,1000000
2016-03-25 00:37:50.191000,1.11650,1.11643,1500000,1000000
2016-03-25 00:37:50.246000,1.11648,1.11643,1000000,1000000
2016-03-25 00:37:50.499000,1.11650,1.11643,1500000,1000000
2016-03-25 00:37:50.601000,1.11647,1.11643,1000000,1000000
2016-03-25 00:37:51.162000,1.11650,1.11643,1870000,1000000
2016-03-25 00:37:51.314000,1.11647,1.11643,1000000,1000000
2016-03-25 00:37:51.466000,1.11650,1.11643,1500000,1000000
2016-03-25 00:37:51.619000,1.11648,1.11643,1000000,1000000
2016-03-25 00:37:51.872000,1.11650,1.11643,1000000,1000000
2016-03-25 00:37:51.974000,1.11648,1.11643,1000000,1000000
2016-03-25 00:37:52.504000,1.11647,1.11643,1500000,1000000
2016-03-25 00:37:53.156000,1.11650,1.11643,1500000,1000000
2016-03-25 00:38:03.520000,1.11649,1.11643,1000000,1250000
2016-03-25 00:38:04.047000,1.11648,1.11643,1500000,1250000
2016-03-25 00:38:04.199000,1.11650,1.11643,1500000,1250000
2016-03-25 00:38:04.930000,1.11649,1.11643,1000000,1250000
2016-03-25 00:38:07.312000,1.11650,1.11643,1000000,1250000
2016-03-25 00:38:07.818000,1.11649,1.11643,1000000,1250000
2016-03-25 00:38:08.332000,1.11650,1.11643,3000000,1250000
2016-03-25 00:38:08.840000,1.11649,1.11643,1000000,1250000
2016-03-25 00:38:09.448000,1.11650,1.11643,2250000,1250000
2016-03-25 00:38:09.994000,1.11649,1.11643,1000000,1250000
2016-03-25 00:38:10.358000,1.11651,1.11643,1500000,1250000
2016-03-25 00:38:10.620000,1.11649,1.11643,1000000,1250000
2016-03-25 00:38:10.772000,1.11651,1.11643,1500000,1250000
2016-03-25 00:38:10.924000,1.11649,1.11643,1500000,1000000
2016-03-25 00:38:13.770000,1.11649,1.11643,1500000,1070000
2016-03-25 00:38:14.281000,1.11649,1.11643,1500000,1000000
2016-03-25 00:38:14.586000,1.11647,1.11643,1500000,1000000
2016-03-25 00:38:14.926000,1.11645,1.11643,1500000,1000000
2016-03-25 00:38:15.749000,1.11644,1.11643,1500000,1000000
2016-03-25 00:38:16.255000,1.11645,1.11643,1500000,1000000
2016-03-25 00:38:16.578000,1.11642,1.11640,1500000,1000000
2016-03-25 00:38:17.086000,1.11643,1.11641,2250000,1000000
2016-03-25 00:38:18.986000,1.11644,1.11642,3000000,1000000
2016-03-25 00:38:21.593000,1.11643,1.11642,1000000,1000000
2016-03-25 00:38:21.797000,1.11645,1.11643,2250000,1000000
2016-03-25 00:38:21.950000,1.11642,1.11640,1000000,1000000
2016-03-25 00:38:22.457000,1.11641,1.11640,1500000,1000000
2016-03-25 00:38:25.159000,1.11642,1.11640,2250000,1000000
2016-03-25 00:38:40.709000,1.11644,1.11642,1500000,1000000
2016-03-25 00:38:51.776000,1.11645,1.11643,2250000,1190000
2016-03-25 00:38:51.828000,1.11646,1.11644,1500000,1250000
2016-03-25 00:38:51.930000,1.11651,1.11647,1000000,1000000
2016-03-25 00:38:52.032000,1.11651,1.11643,1000000,1690000
2016-03-25 00:38:52.083000,1.11654,1.11643,1000000,1690000
2016-03-25 00:38:52.235000,1.11658,1.11643,2620000,2440000
2016-03-25 00:38:58.843000,1.11659,1.11642,2250000,2360000
2016-03-25 00:39:00.580000,1.11659,1.11642,1000000,1610000
2016-03-25 00:39:04.008000,1.11660,1.11642,1500000,1610000
2016-03-25 00:39:09.579000,1.11660,1.11642,3000000,2360000
2016-03-25 00:39:14.872000,1.11660,1.11642,4500000,1190000
2016-03-25 00:39:16.308000,1.11660,1.11642,4500000,1000000
2016-03-25 00:39:18.838000,1.11660,1.11642,4500000,1600000
2016-03-25 00:39:18.940000,1.11660,1.11644,4500000,1190000
2016-03-25 00:39:19.837000,1.11659,1.11644,1500000,1190000
2016-03-25 00:39:20.899000,1.11659,1.11644,1500000,1250000
2016-03-25 00:39:21.406000,1.11659,1.11644,1500000,1850000
2016-03-25 00:39:24.016000,1.11660,1.11644,5250000,1850000
2016-03-25 00:39:24.682000,1.11659,1.11644,1500000,1850000
2016-03-25 00:39:25.092000,1.11657,1.11645,2250000,1050000
2016-03-25 00:39:26.036000,1.11656,1.11645,1000000,1050000
2016-03-25 00:39:26.612000,1.11652,1.11645,1000000,1050000
2016-03-25 00:39:30.544000,1.11651,1.11645,1000000,1050000
2016-03-25 00:39:31.789000,1.11653,1.11645,1500000,1050000
2016-03-25 00:39:31.941000,1.11651,1.11645,1000000,1050000
2016-03-25 00:39:32.145000,1.11654,1.11645,2250000,1050000
2016-03-25 00:39:33.242000,1.11654,1.11645,2620000,1050000
2016-03-25 00:39:33.344000,1.11650,1.11642,1000000,1890000
2016-03-25 00:39:34.104000,1.11651,1.11642,1500000,1890000
2016-03-25 00:39:34.636000,1.11649,1.11642,1500000,1790000
2016-03-25 00:39:35.094000,1.11651,1.11642,3000000,1190000
2016-03-25 00:39:35.350000,1.11648,1.11642,1000000,1190000
2016-03-25 00:39:35.553000,1.11651,1.11642,3000000,1190000
2016-03-25 00:39:35.756000,1.11648,1.11642,1000000,1000000
2016-03-25 00:39:36.010000,1.11651,1.11642,3000000,1250000
2016-03-25 00:39:36.163000,1.11648,1.11642,1000000,1250000
2016-03-25 00:39:36.903000,1.11649,1.11642,1000000,1250000
2016-03-25 00:39:36.955000,1.11651,1.11642,3000000,1250000
2016-03-25 00:39:37.056000,1.11648,1.11642,1000000,1250000
2016-03-25 00:39:37.462000,1.11651,1.11642,3000000,1250000
2016-03-25 00:39:37.564000,1.11648,1.11642,1000000,1250000
2016-03-25 00:39:37.818000,1.11651,1.11642,3000000,1000000
2016-03-25 00:39:37.971000,1.11648,1.11642,1000000,1000000
2016-03-25 00:39:38.123000,1.11651,1.11642,1500000,1000000
2016-03-25 00:39:38.327000,1.11648,1.11642,1000000,1000000
2016-03-25 00:39:38.530000,1.11651,1.11642,1500000,1000000
2016-03-25 00:39:38.632000,1.11648,1.11642,1000000,1500000
2016-03-25 00:39:39.139000,1.11649,1.11642,3000000,1500000
2016-03-25 00:39:39.767000,1.11648,1.11642,1000000,1500000
2016-03-25 00:39:40.299000,1.11649,1.11642,3750000,1500000
2016-03-25 00:39:40.806000,1.11648,1.11642,1500000,1500000
2016-03-25 00:39:41.313000,1.11649,1.11642,3000000,1500000
2016-03-25 00:39:44.367000,1.11649,1.11642,1500000,1760000
2016-03-25 00:39:44.927000,1.11649,1.11642,1500000,1570000
2016-03-25 00:39:45.445000,1.11649,1.11642,1500000,1760000
2016-03-25 00:39:46.039000,1.11649,1.11642,1500000,1570000
2016-03-25 00:39:46.431000,1.11650,1.11648,4500000,2250000
2016-03-25 00:39:46.635000,1.11657,1.11647,1000000,3370000
2016-03-25 00:39:46.737000,1.11657,1.11653,1000000,2250000
2016-03-25 00:39:46.839000,1.11657,1.11648,1500000,2250000
2016-03-25 00:39:46.993000,1.11658,1.11646,1000000,1000000
2016-03-25 00:39:47.145000,1.11660,1.11644,1500000,2140000
2016-03-25 00:39:47.247000,1.11657,1.11644,1000000,2140000
2016-03-25 00:39:47.400000,1.11660,1.11645,2250000,1870000
2016-03-25 00:39:47.502000,1.11662,1.11645,1500000,1500000
2016-03-25 00:39:47.655000,1.11659,1.11645,1000000,1310000
2016-03-25 00:39:47.980000,1.11662,1.11645,2620000,1690000
2016-03-25 00:39:48.082000,1.11659,1.11645,2250000,1250000
2016-03-25 00:39:48.285000,1.11661,1.11645,1000000,1690000
2016-03-25 00:39:49.265000,1.11661,1.11645,1000000,1760000
2016-03-25 00:39:49.501000,1.11661,1.11645,1500000,3190000
2016-03-25 00:39:49.605000,1.11661,1.11645,1500000,3260000
2016-03-25 00:39:50.215000,1.11662,1.11645,3000000,2440000
2016-03-25 00:39:50.469000,1.11660,1.11645,1000000,1390000
2016-03-25 00:39:51.042000,1.11661,1.11645,1500000,1320000
2016-03-25 00:39:51.558000,1.11661,1.11645,1000000,1690000
2016-03-25 00:39:52.116000,1.11661,1.11645,1500000,1760000
2016-03-25 00:39:52.623000,1.11660,1.11645,1500000,1760000
2016-03-25 00:39:53.214000,1.11659,1.11645,1000000,1760000
2016-03-25 00:39:53.367000,1.11661,1.11645,1000000,1070000
2016-03-25 00:39:53.874000,1.11662,1.11645,1000000,1570000
2016-03-25 00:39:54.233000,1.11660,1.11645,1000000,2140000
2016-03-25 00:39:54.719000,1.11662,1.11645,2250000,1390000
2016-03-25 00:39:55.125000,1.11659,1.11645,1000000,2140000
2016-03-25 00:39:55.277000,1.11662,1.11645,3750000,2140000
2016-03-25 00:39:55.632000,1.11660,1.11645,1000000,1760000
2016-03-25 00:39:55.785000,1.11662,1.11645,2250000,2510000
2016-03-25 00:39:55.938000,1.11660,1.11645,1000000,2440000
2016-03-25 00:39:56.193000,1.11662,1.11645,2250000,1690000
2016-03-25 00:39:56.396000,1.11660,1.11645,1500000,1690000
2016-03-25 00:39:56.498000,1.11662,1.11645,2250000,1250000
2016-03-25 00:39:56.599000,1.11660,1.11645,2250000,1250000
2016-03-25 00:39:57.157000,1.11659,1.11644,1000000,1690000
2016-03-25 00:39:57.310000,1.11661,1.11644,2250000,1760000
2016-03-25 00:39:57.818000,1.11660,1.11644,2250000,1390000
2016-03-25 00:39:58.578000,1.11659,1.11643,1500000,3260000
2016-03-25 00:39:58.680000,1.11661,1.11644,2250000,1390000
2016-03-25 00:39:58.833000,1.11659,1.11644,1000000,1390000
2016-03-25 00:39:59.340000,1.11658,1.11643,1000000,3640000
2016-03-25 00:39:59.492000,1.11660,1.11643,4500000,2890000
2016-03-25 00:39:59.733000,1.11658,1.11643,1000000,2890000
2016-03-25 00:39:59.888000,1.11660,1.11643,4500000,3260000
2016-03-25 00:39:59.990000,1.11658,1.11643,1000000,2890000
2016-03-25 00:40:00.396000,1.11660,1.11643,1000000,2810000
2016-03-25 00:40:00.549000,1.11658,1.11643,1000000,3560000
2016-03-25 00:40:00.701000,1.11660,1.11643,2250000,2510000
2016-03-25 00:40:00.803000,1.11662,1.11645,3750000,1320000
2016-03-25 00:40:00.906000,1.11660,1.11645,1500000,1320000
2016-03-25 00:40:01.245000,1.11658,1.11643,1000000,4310000
2016-03-25 00:40:01.398000,1.11661,1.11643,1000000,4310000
2016-03-25 00:40:01.449000,1.11658,1.11643,1000000,4310000
2016-03-25 00:40:01.703000,1.11660,1.11643,2250000,3260000
2016-03-25 00:40:01.805000,1.11658,1.11643,1500000,4010000
2016-03-25 00:40:02.110000,1.11660,1.11643,1500000,3640000
2016-03-25 00:40:02.313000,1.11657,1.11643,1500000,2890000
2016-03-25 00:40:02.516000,1.11659,1.11643,1500000,3260000
2016-03-25 00:40:02.805000,1.11657,1.11643,1000000,3260000
2016-03-25 00:40:02.871000,1.11660,1.11643,4500000,1760000
2016-03-25 00:40:02.923000,1.11658,1.11643,1000000,1390000
2016-03-25 00:40:03.176000,1.11660,1.11643,3370000,3560000
2016-03-25 00:40:03.380000,1.11657,1.11643,1000000,2060000
2016-03-25 00:40:03.532000,1.11659,1.11643,1500000,3560000
2016-03-25 00:40:03.991000,1.11657,1.11643,1500000,2810000
2016-03-25 00:40:04.422000,1.11659,1.11643,1000000,2810000
2016-03-25 00:40:04.930000,1.11660,1.11644,4500000,1310000
2016-03-25 00:40:04.981000,1.11658,1.11644,1500000,1260000
2016-03-25 00:40:05.234000,1.11660,1.11644,5250000,1260000
2016-03-25 00:40:05.387000,1.11658,1.11643,1500000,2510000
2016-03-25 00:40:05.691000,1.11660,1.11643,3750000,3560000
2016-03-25 00:40:06.022000,1.11659,1.11643,1500000,3260000
2016-03-25 00:40:06.225000,1.11657,1.11643,1500000,3260000
2016-03-25 00:40:06.481000,1.11660,1.11643,3000000,3260000
2016-03-25 00:40:06.532000,1.11658,1.11643,1000000,3260000
2016-03-25 00:40:06.989000,1.11656,1.11643,1500000,2510000
2016-03-25 00:40:07.141000,1.11658,1.11643,1500000,3260000
2016-03-25 00:40:07.647000,1.11659,1.11643,3000000,3260000
2016-03-25 00:40:07.850000,1.11657,1.11643,2250000,2510000
2016-03-25 00:40:08.104000,1.11660,1.11643,3750000,1760000
2016-03-25 00:40:08.308000,1.11658,1.11643,1500000,1760000
2016-03-25 00:40:08.410000,1.11660,1.11643,4500000,1760000
2016-03-25 00:40:08.815000,1.11658,1.11643,1000000,1760000
2016-03-25 00:40:08.917000,1.11660,1.11643,5250000,1760000
2016-03-25 00:40:09.356000,1.11658,1.11643,1500000,1290000
2016-03-25 00:40:09.661000,1.11656,1.11643,1000000,1290000
2016-03-25 00:40:10.168000,1.11655,1.11643,1500000,1290000
2016-03-25 00:40:10.759000,1.11656,1.11643,1500000,1290000
2016-03-25 00:40:13.838000,1.11654,1.11643,1000000,1010000
2016-03-25 00:40:14.193000,1.11652,1.11643,1000000,1290000
2016-03-25 00:40:14.697000,1.11653,1.11643,1500000,1290000
2016-03-25 00:40:18.969000,1.11653,1.11643,1500000,1100000
2016-03-25 00:40:19.323000,1.11655,1.11643,1500000,1100000
2016-03-25 00:40:19.840000,1.11654,1.11643,1500000,1100000
2016-03-25 00:40:20.073000,1.11656,1.11643,3000000,1100000
2016-03-25 00:40:20.343000,1.11654,1.11643,1500000,1100000
2016-03-25 00:40:20.445000,1.11656,1.11643,3750000,1100000
2016-03-25 00:40:20.597000,1.11654,1.11643,1000000,1100000
2016-03-25 00:40:20.871000,1.11656,1.11643,3000000,1100000
2016-03-25 00:40:21.028000,1.11654,1.11643,1500000,1100000
2016-03-25 00:40:21.231000,1.11656,1.11643,3000000,1100000
2016-03-25 00:40:21.433000,1.11654,1.11643,1500000,1100000
2016-03-25 00:40:21.678000,1.11657,1.11643,1500000,1100000
2016-03-25 00:40:21.830000,1.11659,1.11643,2250000,1100000
2016-03-25 00:40:21.932000,1.11657,1.11643,1500000,1100000
2016-03-25 00:40:22.084000,1.11659,1.11643,3750000,1100000
2016-03-25 00:40:22.328000,1.11656,1.11643,1500000,1100000
2016-03-25 00:40:22.734000,1.11658,1.11643,1870000,1100000
2016-03-25 00:40:22.937000,1.11657,1.11643,1000000,1070000
2016-03-25 00:40:23.291000,1.11659,1.11643,2250000,1070000
2016-03-25 00:40:23.544000,1.11657,1.11643,1500000,1070000
2016-03-25 00:40:23.646000,1.11659,1.11643,3000000,1070000
2016-03-25 00:40:23.849000,1.11656,1.11643,1500000,1200000
2016-03-25 00:40:24.197000,1.11654,1.11643,1000000,1200000
2016-03-25 00:40:24.248000,1.11657,1.11643,1500000,1200000
2016-03-25 00:40:24.350000,1.11659,1.11643,1000000,1200000
2016-03-25 00:40:24.452000,1.11657,1.11643,1500000,1200000
2016-03-25 00:40:24.554000,1.11659,1.11643,2250000,1200000
2016-03-25 00:40:25.009000,1.11656,1.11643,1000000,1200000
2016-03-25 00:40:25.364000,1.11659,1.11643,1500000,1070000
2016-03-25 00:40:25.415000,1.11655,1.11643,1000000,1070000
2016-03-25 00:40:25.857000,1.11653,1.11643,1500000,1070000
2016-03-25 00:40:26.468000,1.11657,1.11643,3750000,1200000
2016-03-25 00:40:26.721000,1.11660,1.11643,1000000,1200000
2016-03-25 00:40:27.025000,1.11658,1.11643,1500000,1200000
2016-03-25 00:40:27.177000,1.11660,1.11643,2250000,1200000
2016-03-25 00:40:27.329000,1.11658,1.11643,1500000,1200000
2016-03-25 00:40:29.426000,1.11658,1.11643,1500000,1570000
2016-03-25 00:40:30.287000,1.11660,1.11643,1000000,1570000
2016-03-25 00:40:30.338000,1.11658,1.11643,1000000,1570000
2016-03-25 00:40:30.642000,1.11655,1.11643,1500000,1200000
2016-03-25 00:40:31.198000,1.11655,1.11643,1500000,1200000
2016-03-25 00:40:31.848000,1.11656,1.11643,3000000,1100000
2016-03-25 00:40:32.379000,1.11655,1.11643,1500000,1100000
2016-03-25 00:40:32.936000,1.11656,1.11643,3000000,1100000
2016-03-25 00:40:33.576000,1.11655,1.11643,1500000,1100000
2016-03-25 00:40:34.092000,1.11656,1.11643,3000000,1100000
2016-03-25 00:40:34.597000,1.11655,1.11643,1500000,1100000
2016-03-25 00:40:35.103000,1.11655,1.11643,1500000,1070000
2016-03-25 00:40:35.631000,1.11656,1.11643,3000000,1070000
2016-03-25 00:40:35.734000,1.11653,1.11643,1000000,1070000
2016-03-25 00:40:36.242000,1.11654,1.11643,1500000,1000000
2016-03-25 00:40:39.169000,1.11653,1.11643,1500000,1000000
2016-03-25 00:40:39.717000,1.11654,1.11643,2250000,1000000
2016-03-25 00:40:40.223000,1.11653,1.11643,1500000,1000000
2016-03-25 00:40:40.730000,1.11654,1.11643,1500000,1000000
2016-03-25 00:40:41.309000,1.11653,1.11643,1000000,1000000
2016-03-25 00:40:41.815000,1.11654,1.11643,1500000,1000000
2016-03-25 00:40:42.377000,1.11653,1.11643,1500000,1000000
2016-03-25 00:40:42.986000,1.11654,1.11643,2250000,1000000
2016-03-25 00:40:43.534000,1.11653,1.11643,1000000,1000000
2016-03-25 00:40:44.186000,1.11654,1.11643,1500000,1000000
2016-03-25 00:40:44.743000,1.11653,1.11643,1000000,1000000
2016-03-25 00:40:45.373000,1.11654,1.11643,1000000,1000000
2016-03-25 00:40:45.829000,1.11652,1.11643,1000000,1000000
2016-03-25 00:40:46.348000,1.11651,1.11643,1500000,1000000
2016-03-25 00:40:49.589000,1.11652,1.11643,1500000,1000000
2016-03-25 00:40:51.028000,1.11654,1.11643,1500000,1000000
2016-03-25 00:40:51.130000,1.11658,1.11643,4500000,1000000
2016-03-25 00:40:51.383000,1.11655,1.11643,1500000,1000000
2016-03-25 00:40:51.484000,1.11657,1.11643,1500000,1000000
2016-03-25 00:40:51.586000,1.11655,1.11643,2250000,1000000
2016-03-25 00:40:52.093000,1.11654,1.11643,1500000,1000000
2016-03-25 00:40:52.444000,1.11656,1.11643,1500000,1000000
2016-03-25 00:40:52.495000,1.11658,1.11643,2620000,1000000
2016-03-25 00:40:52.647000,1.11655,1.11643,3750000,1000000
2016-03-25 00:40:52.906000,1.11658,1.11643,3370000,1000000
2016-03-25 00:40:52.958000,1.11654,1.11643,1000000,1000000
2016-03-25 00:40:53.261000,1.11656,1.11643,1000000,1000000
2016-03-25 00:40:53.312000,1.11658,1.11643,3370000,1000000
2016-03-25 00:40:53.469000,1.11654,1.11643,1500000,1000000
2016-03-25 00:40:53.672000,1.11658,1.11643,2250000,1000000
2016-03-25 00:40:53.723000,1.11658,1.11643,2250000,1000000
2016-03-25 00:40:54.078000,1.11657,1.11643,2250000,1000000
2016-03-25 00:40:54.129000,1.11655,1.11643,2250000,1000000
2016-03-25 00:40:54.433000,1.11653,1.11643,3000000,1000000
2016-03-25 00:40:54.857000,1.11651,1.11643,1000000,1000000
2016-03-25 00:40:55.010000,1.11653,1.11643,2250000,1000000
2016-03-25 00:40:55.217000,1.11651,1.11643,1000000,1000000
2016-03-25 00:40:55.421000,1.11653,1.11643,3000000,1000000
2016-03-25 00:40:55.573000,1.11651,1.11643,1500000,1000000
2016-03-25 00:40:55.674000,1.11653,1.11643,3750000,1000000
2016-03-25 00:40:55.877000,1.11651,1.11643,1500000,1000000
2016-03-25 00:40:56.180000,1.11653,1.11643,3000000,1000000
2016-03-25 00:40:56.383000,1.11651,1.11643,1500000,1000000
2016-03-25 00:40:56.484000,1.11653,1.11643,3000000,1000000
2016-03-25 00:40:56.672000,1.11651,1.11643,1000000,1000000
2016-03-25 00:40:56.774000,1.11653,1.11643,2250000,1000000
2016-03-25 00:40:56.979000,1.11650,1.11643,1500000,1000000
2016-03-25 00:40:57.080000,1.11652,1.11643,1500000,1000000
2016-03-25 00:40:57.384000,1.11649,1.11643,1500000,1000000
2016-03-25 00:40:57.890000,1.11650,1.11643,4500000,1000000
2016-03-25 00:40:58.296000,1.11648,1.11643,1000000,1000000
2016-03-25 00:40:58.921000,1.11649,1.11643,1500000,1000000
2016-03-25 00:40:59.579000,1.11648,1.11643,1500000,1000000
2016-03-25 00:41:00.084000,1.11649,1.11643,1500000,1000000
2016-03-25 00:41:00.580000,1.11647,1.11643,1500000,1000000
2016-03-25 00:41:00.884000,1.11644,1.11642,1500000,1000000
2016-03-25 00:41:01.311000,1.11641,1.11638,1500000,1000000
2016-03-25 00:41:01.362000,1.11641,1.11638,1500000,1000000
2016-03-25 00:41:01.818000,1.11639,1.11637,1500000,1000000
2016-03-25 00:41:02.352000,1.11638,1.11636,1500000,1000000
2016-03-25 00:41:06.216000,1.11639,1.11635,1500000,1000000
2016-03-25 00:41:09.870000,1.11639,1.11635,1500000,2250000
2016-03-25 00:41:10.420000,1.11639,1.11635,1500000,1000000
2016-03-25 00:41:23.459000,1.11639,1.11636,1500000,1870000
2016-03-25 00:41:24.108000,1.11639,1.11636,1500000,2250000
2016-03-25 00:41:29.637000,1.11639,1.11638,1000000,1000000
2016-03-25 00:41:29.739000,1.11639,1.11636,1000000,1370000
2016-03-25 00:41:41.488000,1.11639,1.11638,1000000,1000000
2016-03-25 00:41:43.506000,1.11642,1.11641,2250000,1000000
2016-03-25 00:41:53.410000,1.11643,1.11642,1000000,1000000
2016-03-25 00:42:05.257000,1.11642,1.11641,1500000,1000000
2016-03-25 00:42:23.212000,1.11645,1.11644,3000000,1000000
2016-03-25 00:42:23.264000,1.11646,1.11644,1500000,1000000
2016-03-25 00:42:23.366000,1.11647,1.11644,1500000,1500000
2016-03-25 00:42:24.191000,1.11646,1.11644,1000000,1500000
2016-03-25 00:42:39.079000,1.11647,1.11644,1500000,1500000
2016-03-25 00:42:44.520000,1.11645,1.11644,1000000,1500000
2016-03-25 00:42:44.825000,1.11638,1.11636,4000000,3220000
2016-03-25 00:42:46.653000,1.11637,1.11635,3250000,4570000
2016-03-25 00:42:46.965000,1.11638,1.11636,2250000,1120000
2016-03-25 00:42:56.413000,1.11635,1.11634,3000000,1720000
2016-03-25 00:42:58.106000,1.11636,1.11635,3000000,1000000
2016-03-25 00:43:00.354000,1.11639,1.11636,3000000,1000000
2016-03-25 00:43:03.417000,1.11636,1.11635,1500000,1500000
2016-03-25 00:43:03.570000,1.11636,1.11635,1500000,1000000
2016-03-25 00:43:03.672000,1.11634,1.11632,2250000,1500000
2016-03-25 00:43:03.723000,1.11634,1.11632,3370000,1000000
2016-03-25 00:43:03.774000,1.11631,1.11630,1500000,1000000
2016-03-25 00:43:04.102000,1.11617,1.11614,1500000,1000000
2016-03-25 00:43:04.619000,1.11616,1.11614,1000000,1000000
2016-03-25 00:43:13.154000,1.11617,1.11615,1500000,1000000
2016-03-25 00:43:25.286000,1.11618,1.11616,2250000,1000000
2016-03-25 00:43:33.680000,1.11620,1.11617,1500000,1000000
2016-03-25 00:43:37.223000,1.11620,1.11613,2250000,1500000
2016-03-25 00:43:37.325000,1.11620,1.11613,2250000,1870000
2016-03-25 00:43:37.428000,1.11619,1.11611,1000000,1750000
2016-03-25 00:43:38.037000,1.11619,1.11610,1000000,1870000
2016-03-25 00:43:38.088000,1.11619,1.11610,1000000,1000000
2016-03-25 00:43:43.715000,1.11620,1.11611,6750000,1000000
2016-03-25 00:43:44.661000,1.11619,1.11611,1000000,1000000
2016-03-25 00:43:46.540000,1.11619,1.11610,1500000,1500000
2016-03-25 00:43:46.642000,1.11617,1.11610,4500000,1000000
2016-03-25 00:43:46.693000,1.11614,1.11606,1000000,1000000
2016-03-25 00:43:46.745000,1.11614,1.11602,6750000,1000000
2016-03-25 00:43:46.847000,1.11612,1.11601,1500000,1500000
2016-03-25 00:43:56.865000,1.11611,1.11601,1500000,1000000
2016-03-25 00:43:58.972000,1.11612,1.11601,5250000,1000000
2016-03-25 00:43:59.569000,1.11611,1.11601,1500000,1000000
2016-03-25 00:44:01.239000,1.11610,1.11601,10500000,1000000
2016-03-25 00:44:01.544000,1.11608,1.11601,1500000,1000000
2016-03-25 00:44:01.849000,1.11610,1.11601,15000000,1000000
2016-03-25 00:44:02.147000,1.11608,1.11601,1500000,1000000
2016-03-25 00:44:02.453000,1.11606,1.11601,1500000,1000000
2016-03-25 00:44:02.989000,1.11606,1.11601,1870000,1000000
2016-03-25 00:44:03.500000,1.11606,1.11601,2620000,1000000
2016-03-25 00:44:04.081000,1.11607,1.11601,1500000,1000000
2016-03-25 00:44:05.205000,1.11606,1.11601,1000000,1000000
2016-03-25 00:44:13.248000,1.11604,1.11601,1500000,1000000
2016-03-25 00:44:14.908000,1.11603,1.11601,1000000,1000000
2016-03-25 00:44:15.417000,1.11604,1.11601,1500000,1000000
2016-03-25 00:44:18.686000,1.11605,1.11601,7500000,1000000
2016-03-25 00:44:18.788000,1.11605,1.11596,9750000,1000000
2016-03-25 00:44:18.839000,1.11601,1.11596,2250000,1000000
2016-03-25 00:44:19.146000,1.11593,1.11592,1500000,1000000
2016-03-25 00:44:19.677000,1.11593,1.11590,1870000,1500000
2016-03-25 00:44:19.983000,1.11596,1.11593,1370000,1000000
2016-03-25 00:44:20.034000,1.11597,1.11594,2250000,1000000
2016-03-25 00:44:20.136000,1.11601,1.11598,1870000,1000000
2016-03-25 00:44:20.387000,1.11600,1.11594,1000000,1870000
2016-03-25 00:44:20.490000,1.11600,1.11592,1370000,1000000
2016-03-25 00:44:20.642000,1.11600,1.11594,1500000,1000000
2016-03-25 00:44:21.149000,1.11602,1.11595,1870000,1000000
2016-03-25 00:44:21.200000,1.11602,1.11592,1370000,2250000
2016-03-25 00:44:22.082000,1.11600,1.11592,1370000,2250000
2016-03-25 00:44:22.588000,1.11598,1.11592,1000000,1000000
2016-03-25 00:44:23.783000,1.11600,1.11592,1000000,1000000
2016-03-25 00:44:24.291000,1.11599,1.11592,1000000,1000000
2016-03-25 00:44:24.342000,1.11601,1.11592,1000000,1000000
2016-03-25 00:44:24.546000,1.11599,1.11592,1000000,1000000
2016-03-25 00:44:24.749000,1.11601,1.11592,1000000,1000000
2016-03-25 00:44:24.898000,1.11599,1.11592,1000000,1000000
2016-03-25 00:44:25.051000,1.11601,1.11592,1000000,1000000
2016-03-25 00:44:25.254000,1.11599,1.11592,1000000,1000000
2016-03-25 00:44:25.458000,1.11601,1.11592,1000000,1000000
2016-03-25 00:44:26.174000,1.11599,1.11592,1000000,1000000
2016-03-25 00:44:26.349000,1.11601,1.11592,1000000,1000000
2016-03-25 00:44:26.452000,1.11599,1.11592,1000000,1000000
2016-03-25 00:44:26.657000,1.11601,1.11592,1000000,1000000
2016-03-25 00:44:26.760000,1.11599,1.11592,1000000,1000000
2016-03-25 00:44:26.945000,1.11601,1.11592,1000000,1000000
2016-03-25 00:44:28.145000,1.11599,1.11592,1000000,1000000
2016-03-25 00:44:28.652000,1.11601,1.11592,1000000,1000000
2016-03-25 00:44:31.350000,1.11602,1.11592,2250000,1000000
2016-03-25 00:44:31.862000,1.11601,1.11592,1000000,1000000
2016-03-25 00:44:35.877000,1.11600,1.11592,1000000,1000000
2016-03-25 00:44:36.435000,1.11601,1.11592,2250000,1000000
2016-03-25 00:44:36.486000,1.11599,1.11592,1000000,1000000
2016-03-25 00:44:37.644000,1.11600,1.11592,1500000,1000000
2016-03-25 00:44:37.695000,1.11602,1.11592,1000000,1000000
2016-03-25 00:44:37.797000,1.11600,1.11592,1000000,1000000
2016-03-25 00:44:38.051000,1.11602,1.11592,1500000,1000000
2016-03-25 00:44:38.102000,1.11600,1.11592,1500000,1000000
2016-03-25 00:44:41.897000,1.11600,1.11596,1000000,1000000
2016-03-25 00:44:41.999000,1.11602,1.11592,1000000,3750000
2016-03-25 00:44:42.203000,1.11602,1.11596,1000000,1120000
2016-03-25 00:44:42.521000,1.11609,1.11606,1000000,1000000
2016-03-25 00:44:42.572000,1.11608,1.11601,1500000,2250000
2016-03-25 00:44:42.725000,1.11607,1.11595,2320000,1500000
2016-03-25 00:44:42.826000,1.11606,1.11593,1570000,2250000
2016-03-25 00:44:43.182000,1.11603,1.11592,1000000,2250000
2016-03-25 00:44:43.645000,1.11601,1.11592,1000000,1000000
2016-03-25 00:44:43.849000,1.11604,1.11592,1000000,1000000
2016-03-25 00:44:43.900000,1.11601,1.11592,1000000,1000000
2016-03-25 00:44:44.256000,1.11603,1.11592,3000000,1000000
2016-03-25 00:44:44.408000,1.11600,1.11592,1000000,1000000
2016-03-25 00:44:45.314000,1.11599,1.11592,1000000,1000000
2016-03-25 00:44:46.139000,1.11601,1.11592,1500000,1000000
2016-03-25 00:44:46.291000,1.11598,1.11592,1000000,1000000
2016-03-25 00:44:46.801000,1.11597,1.11592,1500000,1000000
2016-03-25 00:44:47.143000,1.11600,1.11592,1000000,1000000
2016-03-25 00:44:47.549000,1.11602,1.11592,1500000,1000000
2016-03-25 00:44:47.600000,1.11600,1.11592,1000000,1000000
2016-03-25 00:44:47.854000,1.11602,1.11592,3000000,1000000
2016-03-25 00:44:48.006000,1.11600,1.11592,1000000,1000000
2016-03-25 00:44:48.158000,1.11602,1.11592,2250000,1000000
2016-03-25 00:44:48.318000,1.11600,1.11592,1000000,1000000
2016-03-25 00:44:48.571000,1.11602,1.11592,3750000,1000000
2016-03-25 00:44:48.816000,1.11600,1.11592,1000000,1000000
2016-03-25 00:44:49.071000,1.11602,1.11592,2250000,1000000
2016-03-25 00:44:49.223000,1.11600,1.11592,1000000,1000000
2016-03-25 00:44:49.376000,1.11602,1.11592,3750000,1000000
2016-03-25 00:44:49.528000,1.11600,1.11592,1000000,1000000
2016-03-25 00:44:49.783000,1.11602,1.11592,1500000,1000000
2016-03-25 00:44:50.311000,1.11600,1.11592,1000000,1000000
2016-03-25 00:44:50.477000,1.11602,1.11592,1000000,1000000
2016-03-25 00:44:50.529000,1.11600,1.11592,1000000,1000000
2016-03-25 00:44:50.681000,1.11602,1.11592,1500000,1000000
2016-03-25 00:44:50.733000,1.11600,1.11592,1000000,1000000
2016-03-25 00:44:50.886000,1.11602,1.11592,1500000,1000000
2016-03-25 00:44:51.038000,1.11600,1.11592,1500000,1000000
2016-03-25 00:44:51.140000,1.11602,1.11592,1500000,1000000
2016-03-25 00:44:51.242000,1.11604,1.11592,1000000,2250000
2016-03-25 00:44:51.445000,1.11602,1.11592,1500000,1000000
2016-03-25 00:44:51.547000,1.11605,1.11592,4120000,1000000
2016-03-25 00:44:51.598000,1.11601,1.11592,1000000,1000000
2016-03-25 00:44:51.852000,1.11605,1.11592,1950000,1000000
2016-03-25 00:44:52.005000,1.11601,1.11592,1000000,1000000
2016-03-25 00:44:52.158000,1.11604,1.11592,3370000,1000000
2016-03-25 00:44:52.209000,1.11600,1.11592,1000000,1000000
2016-03-25 00:44:52.462000,1.11603,1.11592,1000000,1000000
2016-03-25 00:44:52.665000,1.11605,1.11592,4950000,1000000
2016-03-25 00:44:52.716000,1.11602,1.11592,1000000,1000000
2016-03-25 00:44:52.869000,1.11605,1.11592,4950000,1000000
2016-03-25 00:44:53.033000,1.11602,1.11592,1000000,1000000
2016-03-25 00:44:53.587000,1.11602,1.11591,1500000,2620000
2016-03-25 00:44:54.375000,1.11605,1.11591,4950000,2620000
2016-03-25 00:44:54.527000,1.11603,1.11591,1500000,1870000
2016-03-25 00:44:54.730000,1.11605,1.11591,4950000,2620000
2016-03-25 00:44:54.832000,1.11602,1.11591,1000000,2620000
2016-03-25 00:44:55.136000,1.11605,1.11591,4950000,2620000
2016-03-25 00:44:55.331000,1.11602,1.11591,1000000,2250000
2016-03-25 00:44:55.484000,1.11604,1.11591,1500000,1500000
2016-03-25 00:44:55.642000,1.11601,1.11591,1000000,2250000
2016-03-25 00:44:55.796000,1.11604,1.11591,3000000,2250000
2016-03-25 00:44:55.948000,1.11601,1.11591,1000000,2250000
2016-03-25 00:44:56.152000,1.11604,1.11591,2250000,1500000
2016-03-25 00:44:56.304000,1.11601,1.11591,1000000,2250000
2016-03-25 00:44:56.457000,1.11603,1.11591,1500000,1000000
2016-03-25 00:44:56.609000,1.11600,1.11591,1000000,1000000
2016-03-25 00:44:56.762000,1.11602,1.11591,1500000,1000000
2016-03-25 00:44:56.864000,1.11605,1.11591,4200000,1500000
2016-03-25 00:44:57.044000,1.11601,1.11591,1000000,1000000
