time,ask,bid,ask_volume,bid_volume
2016-07-10 21:00:40.432000,1.10546,1.10456,750000,750000
2016-07-10 21:02:04.818000,1.10546,1.10460,750000,750000
2016-07-10 21:02:05.269000,1.10546,1.10462,750000,750000
2016-07-10 21:03:00.522000,1.10546,1.10484,750000,370000
2016-07-10 21:03:00.878000,1.10544,1.10484,750000,1500000
2016-07-10 21:03:54.918000,1.10545,1.10467,750000,750000
2016-07-10 21:04:21.485000,1.10545,1.10467,1000000,1370000
2016-07-10 21:04:22.105000,1.10545,1.10473,1000000,1000000
2016-07-10 21:04:35.742000,1.10547,1.10503,1000000,1000000
2016-07-10 21:04:38.634000,1.10544,1.10490,1000000,1000000
2016-07-10 21:05:03.468000,1.10545,1.10491,1000000,1000000
2016-07-10 21:05:03.970000,1.10547,1.10494,1000000,1000000
2016-07-10 21:05:04.552000,1.10547,1.10495,1000000,1000000
2016-07-10 21:05:05.840000,1.10547,1.10499,1000000,750000
2016-07-10 21:05:13.146000,1.10547,1.10501,1000000,750000
2016-07-10 21:05:19.353000,1.10547,1.10505,1000000,750000
2016-07-10 21:05:34.030000,1.10544,1.10505,1000000,750000
2016-07-10 21:05:50.021000,1.10544,1.10493,1500000,1000000
2016-07-10 21:05:50.173000,1.10544,1.10484,1000000,1500000
2016-07-10 21:05:54.466000,1.10544,1.10493,1000000,1000000
2016-07-10 21:05:54.849000,1.10540,1.10493,1000000,1000000
2016-07-10 21:06:16.313000,1.10540,1.10499,1000000,2250000
2016-07-10 21:06:16.616000,1.10544,1.10512,1000000,1000000
2016-07-10 21:06:17.165000,1.10544,1.10511,1000000,1000000
2016-07-10 21:06:18.035000,1.10544,1.10509,1000000,1000000
2016-07-10 21:06:19.181000,1.10536,1.10509,750000,1000000
2016-07-10 21:06:19.606000,1.10540,1.10510,1000000,1000000
2016-07-10 21:06:24.296000,1.10540,1.10501,1000000,1000000
2016-07-10 21:06:25.531000,1.10540,1.10493,1000000,1000000
2016-07-10 21:06:25.733000,1.10540,1.10485,1000000,1000000
2016-07-10 21:06:29.097000,1.10536,1.10485,1000000,1000000
2016-07-10 21:06:32.791000,1.10536,1.10484,1000000,1000000
2016-07-10 21:07:13.559000,1.10532,1.10484,1000000,1000000
2016-07-10 21:07:17.965000,1.10544,1.10481,1000000,1000000
2016-07-10 21:07:18.116000,1.10519,1.10481,750000,1000000
2016-07-10 21:07:18.419000,1.10507,1.10481,1000000,1000000
2016-07-10 21:07:20.970000,1.10505,1.10481,750000,1000000
2016-07-10 21:07:29.870000,1.10542,1.10481,1000000,1000000
2016-07-10 21:07:29.972000,1.10544,1.10478,1000000,1000000
2016-07-10 21:07:30.275000,1.10541,1.10478,1000000,1000000
2016-07-10 21:07:36.694000,1.10542,1.10478,1000000,1000000
2016-07-10 21:07:37.199000,1.10541,1.10478,1000000,1000000
2016-07-10 21:07:38.679000,1.10537,1.10478,1000000,1000000
2016-07-10 21:07:39.502000,1.10536,1.10478,1000000,1000000
2016-07-10 21:07:40.180000,1.10539,1.10478,1000000,1000000
2016-07-10 21:07:40.282000,1.10541,1.10478,1000000,1000000
2016-07-10 21:07:44.784000,1.10542,1.10478,1000000,1000000
2016-07-10 21:07:55.029000,1.10536,1.10478,1000000,1000000
2016-07-10 21:08:26.939000,1.10536,1.10478,1000000,1010000
2016-07-10 21:08:27.530000,1.10536,1.10478,1000000,1010000
2016-07-10 21:08:34.262000,1.10533,1.10478,750000,1130000
2016-07-10 21:08:39.932000,1.10533,1.10478,1000000,1130000
2016-07-10 21:09:06.858000,1.10533,1.10478,1000000,1120000
2016-07-10 21:09:07.161000,1.10535,1.10479,1000000,1000000
2016-07-10 21:09:15.100000,1.10533,1.10479,1000000,1000000
2016-07-10 21:09:27.909000,1.10532,1.10479,1000000,1000000
2016-07-10 21:09:32.332000,1.10533,1.10479,1000000,1000000
2016-07-10 21:09:36.037000,1.10533,1.10484,1000000,1000000
2016-07-10 21:09:36.340000,1.10511,1.10469,750000,1380000
2016-07-10 21:09:36.392000,1.10517,1.10475,1000000,380000
2016-07-10 21:09:36.869000,1.10515,1.10475,1000000,380000
2016-07-10 21:09:37.178000,1.10511,1.10475,1000000,380000
2016-07-10 21:09:37.688000,1.10511,1.10474,1000000,380000
2016-07-10 21:09:38.689000,1.10511,1.10475,1000000,380000
2016-07-10 21:09:41.222000,1.10511,1.10475,1000000,380000
2016-07-10 21:09:43.232000,1.10511,1.10474,1000000,380000
2016-07-10 21:09:46.496000,1.10511,1.10475,1500000,380000
2016-07-10 21:09:46.830000,1.10509,1.10474,1000000,380000
2016-07-10 21:09:59.207000,1.10509,1.10475,1000000,370000
2016-07-10 21:10:08.015000,1.10511,1.10475,3000000,370000
2016-07-10 21:10:08.618000,1.10511,1.10475,1500000,370000
2016-07-10 21:10:09.844000,1.10509,1.10475,1000000,370000
2016-07-10 21:10:10.148000,1.10498,1.10475,1000000,370000
2016-07-10 21:10:10.702000,1.10497,1.10475,1000000,370000
2016-07-10 21:10:15.100000,1.10498,1.10475,1000000,370000
2016-07-10 21:10:19.357000,1.10497,1.10475,1000000,370000
2016-07-10 21:10:27.936000,1.10497,1.10474,1000000,370000
2016-07-10 21:10:33.972000,1.10498,1.10474,1000000,370000
2016-07-10 21:10:34.476000,1.10497,1.10474,1000000,370000
2016-07-10 21:10:35.038000,1.10498,1.10474,1000000,370000
2016-07-10 21:10:35.696000,1.10497,1.10474,1000000,370000
2016-07-10 21:10:46.285000,1.10498,1.10474,1000000,370000
2016-07-10 21:10:46.918000,1.10497,1.10474,1000000,370000
2016-07-10 21:10:48.356000,1.10497,1.10475,1000000,370000
2016-07-10 21:10:48.898000,1.10490,1.10475,1000000,370000
2016-07-10 21:10:53.161000,1.10497,1.10475,1000000,370000
2016-07-10 21:11:01.879000,1.10490,1.10475,1000000,370000
2016-07-10 21:11:04.372000,1.10490,1.10474,1000000,370000
2016-07-10 21:11:08.002000,1.10494,1.10474,1000000,370000
2016-07-10 21:11:21.708000,1.10494,1.10475,1000000,370000
2016-07-10 21:11:21.759000,1.10490,1.10475,2250000,370000
2016-07-10 21:11:22.063000,1.10484,1.10475,1000000,370000
2016-07-10 21:11:22.215000,1.10486,1.10475,1000000,370000
2016-07-10 21:11:22.744000,1.10486,1.10474,1000000,370000
2016-07-10 21:11:23.493000,1.10486,1.10475,1000000,370000
2016-07-10 21:11:24.557000,1.10490,1.10475,1000000,370000
2016-07-10 21:11:24.659000,1.10494,1.10475,1000000,370000
2016-07-10 21:11:26.563000,1.10495,1.10475,2250000,370000
2016-07-10 21:11:28.363000,1.10494,1.10475,1000000,370000
2016-07-10 21:11:33.304000,1.10495,1.10475,2250000,370000
2016-07-10 21:11:34.126000,1.10494,1.10475,1000000,370000
2016-07-10 21:11:34.694000,1.10495,1.10475,2250000,370000
2016-07-10 21:11:36.617000,1.10494,1.10475,1000000,370000
2016-07-10 21:11:57.830000,1.10491,1.10475,1000000,370000
2016-07-10 21:12:01.788000,1.10490,1.10475,1000000,370000
2016-07-10 21:12:02.137000,1.10487,1.10475,1000000,370000
2016-07-10 21:12:09.154000,1.10491,1.10475,1500000,370000
2016-07-10 21:12:09.766000,1.10492,1.10475,1000000,370000
2016-07-10 21:12:10.885000,1.10489,1.10475,1000000,370000
2016-07-10 21:12:11.441000,1.10488,1.10475,1500000,370000
2016-07-10 21:12:15.703000,1.10489,1.10475,1000000,370000
2016-07-10 21:12:15.906000,1.10492,1.10475,1000000,370000
2016-07-10 21:12:19.624000,1.10493,1.10475,1500000,370000
2016-07-10 21:12:20.225000,1.10492,1.10475,1000000,370000
2016-07-10 21:12:26.600000,1.10492,1.10474,1000000,370000
2016-07-10 21:12:27.970000,1.10492,1.10475,1000000,370000
2016-07-10 21:12:31.636000,1.10493,1.10475,1000000,370000
2016-07-10 21:12:32.241000,1.10492,1.10475,1000000,370000
2016-07-10 21:12:47.697000,1.10493,1.10475,1000000,370000
2016-07-10 21:12:48.307000,1.10492,1.10475,1000000,370000
2016-07-10 21:12:55.816000,1.10493,1.10475,1000000,370000
2016-07-10 21:12:59.700000,1.10492,1.10475,1000000,370000
2016-07-10 21:13:05.321000,1.10493,1.10475,1000000,370000
2016-07-10 21:13:05.833000,1.10492,1.10475,1000000,370000
2016-07-10 21:13:11.934000,1.10493,1.10475,1000000,370000
2016-07-10 21:13:13.347000,1.10492,1.10475,1000000,370000
2016-07-10 21:13:26.590000,1.10495,1.10475,2250000,370000
2016-07-10 21:13:39.197000,1.10496,1.10475,1100000,370000
2016-07-10 21:13:39.909000,1.10500,1.10475,1100000,370000
2016-07-10 21:14:47.949000,1.10500,1.10474,1570000,370000
2016-07-10 21:15:00.588000,1.10498,1.10474,1000000,370000
2016-07-10 21:15:01.122000,1.10498,1.10475,1000000,370000
2016-07-10 21:15:20.780000,1.10500,1.10467,1570000,1370000
2016-07-10 21:16:23.038000,1.10500,1.10466,1100000,1370000
2016-07-10 21:16:23.547000,1.10500,1.10466,1100000,1370000
2016-07-10 21:16:37.978000,1.10504,1.10475,1100000,370000
2016-07-10 21:17:23.988000,1.10504,1.10477,1100000,370000
2016-07-10 21:17:24.292000,1.10504,1.10465,1100000,2250000
2016-07-10 21:17:24.395000,1.10504,1.10484,1100000,380000
2016-07-10 21:17:24.496000,1.10504,1.10465,1100000,3750000
2016-07-10 21:17:26.491000,1.10513,1.10496,8620000,370000
2016-07-10 21:17:27.982000,1.10504,1.10465,1100000,3750000
2016-07-10 21:17:40.046000,1.10513,1.10496,8250000,370000
2016-07-10 21:17:40.148000,1.10511,1.10496,3000000,370000
2016-07-10 21:17:40.448000,1.10509,1.10495,2250000,370000
2016-07-10 21:17:41.053000,1.10508,1.10495,1870000,370000
2016-07-10 21:17:43.693000,1.10511,1.10495,1000000,370000
2016-07-10 21:17:46.695000,1.10508,1.10495,1000000,370000
2016-07-10 21:17:48.369000,1.10508,1.10494,1000000,370000
2016-07-10 21:17:51.647000,1.10511,1.10494,1000000,380000
2016-07-10 21:17:52.329000,1.10512,1.10494,2250000,380000
2016-07-10 21:17:53.013000,1.10511,1.10494,1000000,380000
2016-07-10 21:17:53.601000,1.10512,1.10494,2250000,380000
2016-07-10 21:17:53.825000,1.10510,1.10494,1000000,380000
2016-07-10 21:17:53.913000,1.10512,1.10494,2250000,380000
2016-07-10 21:17:54.514000,1.10511,1.10494,1500000,380000
2016-07-10 21:17:55.214000,1.10512,1.10494,2250000,380000
2016-07-10 21:17:55.631000,1.10510,1.10494,1000000,380000
2016-07-10 21:17:55.841000,1.10512,1.10494,2250000,380000
2016-07-10 21:17:56.484000,1.10506,1.10465,1000000,3000000
2016-07-10 21:17:56.535000,1.10511,1.10494,2250000,380000
2016-07-10 21:17:56.636000,1.10506,1.10465,1000000,3000000
2016-07-10 21:17:56.839000,1.10511,1.10494,3000000,380000
2016-07-10 21:17:57.143000,1.10506,1.10465,1000000,3750000
2016-07-10 21:17:57.345000,1.10511,1.10493,5250000,380000
2016-07-10 21:17:57.417000,1.10506,1.10491,1000000,370000
2016-07-10 21:17:57.545000,1.10506,1.10465,1120000,4130000
2016-07-10 21:17:58.224000,1.10506,1.10465,1120000,3380000
2016-07-10 21:18:00.839000,1.10506,1.10465,1120000,4130000
2016-07-10 21:18:01.120000,1.10506,1.10465,1120000,4130000
2016-07-10 21:18:28.564000,1.10505,1.10465,1130000,4130000
2016-07-10 21:18:29.115000,1.10505,1.10465,1130000,4130000
2016-07-10 21:18:46.589000,1.10505,1.10465,1130000,4130000
2016-07-10 21:18:48.685000,1.10505,1.10465,1130000,4130000
2016-07-10 21:18:49.008000,1.10505,1.10465,1130000,4130000
2016-07-10 21:18:49.574000,1.10505,1.10465,1130000,4130000
2016-07-10 21:18:49.959000,1.10505,1.10465,1130000,4130000
2016-07-10 21:18:50.395000,1.10505,1.10465,1130000,4130000
2016-07-10 21:18:50.903000,1.10505,1.10465,1130000,4130000
2016-07-10 21:18:51.226000,1.10505,1.10465,1130000,4130000
2016-07-10 21:18:51.732000,1.10505,1.10465,1130000,4130000
2016-07-10 21:18:51.997000,1.10505,1.10465,1130000,3380000
2016-07-10 21:18:52.144000,1.10505,1.10465,1130000,3380000
2016-07-10 21:19:07.513000,1.10504,1.10464,1570000,3460000
2016-07-10 21:19:08.116000,1.10504,1.10464,1570000,3840000
2016-07-10 21:20:37.280000,1.10504,1.10464,1570000,3460000
2016-07-10 21:20:39.254000,1.10504,1.10464,1570000,3830000
2016-07-10 21:21:27.895000,1.10504,1.10464,1570000,4580000
2016-07-10 21:21:28.433000,1.10504,1.10464,1570000,3080000
2016-07-10 21:21:35.604000,1.10504,1.10464,1570000,3830000
2016-07-10 21:21:56.645000,1.10504,1.10464,1570000,4580000
2016-07-10 21:22:28.609000,1.10504,1.10465,1570000,1380000
2016-07-10 21:22:35.564000,1.10504,1.10464,1570000,1960000
2016-07-10 21:22:48.014000,1.10504,1.10464,1570000,2330000
2016-07-10 21:23:00.219000,1.10504,1.10464,1100000,2330000
2016-07-10 21:24:06.543000,1.10503,1.10464,1000000,2330000
2016-07-10 21:24:13.152000,1.10503,1.10464,1000000,1580000
2016-07-10 21:24:23.612000,1.10503,1.10464,1000000,1860000
2016-07-10 21:24:37.875000,1.10503,1.10464,1000000,1280000
2016-07-10 21:24:41.789000,1.10503,1.10464,1000000,1280000
2016-07-10 21:25:01.197000,1.10503,1.10477,1000000,1000000
2016-07-10 21:25:01.524000,1.10504,1.10488,1100000,1000000
2016-07-10 21:25:01.829000,1.10504,1.10490,1100000,1000000
2016-07-10 21:25:03.050000,1.10504,1.10489,1100000,1000000
2016-07-10 21:25:03.583000,1.10504,1.10490,1100000,1000000
2016-07-10 21:25:07.327000,1.10505,1.10490,1120000,1180000
2016-07-10 21:25:07.538000,1.10504,1.10490,1100000,1120000
2016-07-10 21:25:07.640000,1.10504,1.10497,1100000,380000
2016-07-10 21:25:07.843000,1.10504,1.10497,1100000,380000
2016-07-10 21:25:08.003000,1.10504,1.10490,1100000,1380000
2016-07-10 21:25:08.207000,1.10504,1.10490,1100000,1370000
2016-07-10 21:25:16.912000,1.10505,1.10492,1120000,1370000
2016-07-10 21:25:21.746000,1.10514,1.10509,1000000,1000000
2016-07-10 21:25:22.052000,1.10513,1.10510,1000000,1120000
2016-07-10 21:25:22.103000,1.10517,1.10510,1120000,1000000
2016-07-10 21:25:53.294000,1.10518,1.10510,3750000,1000000
2016-07-10 21:25:53.836000,1.10518,1.10508,4500000,1000000
2016-07-10 21:25:53.938000,1.10524,1.10509,1000000,1000000
2016-07-10 21:25:54.040000,1.10526,1.10509,1570000,1000000
2016-07-10 21:25:58.297000,1.10526,1.10507,1570000,1500000
2016-07-10 21:26:00.467000,1.10526,1.10509,1570000,1000000
2016-07-10 21:26:00.968000,1.10525,1.10507,1500000,1120000
2016-07-10 21:26:06.876000,1.10525,1.10503,1000000,1500000
2016-07-10 21:26:06.927000,1.10526,1.10504,1000000,1120000
2016-07-10 21:26:07.029000,1.10530,1.10503,1000000,2250000
2016-07-10 21:26:07.131000,1.10534,1.10504,1000000,1000000
2016-07-10 21:26:08.205000,1.10529,1.10504,1000000,1000000
2016-07-10 21:26:08.509000,1.10523,1.10503,1000000,1000000
2016-07-10 21:26:12.201000,1.10524,1.10502,2250000,2810000
2016-07-10 21:26:12.778000,1.10523,1.10502,1000000,2810000
2016-07-10 21:26:33.518000,1.10521,1.10504,1000000,1000000
2016-07-10 21:26:34.032000,1.10520,1.10504,1500000,1000000
2016-07-10 21:27:02.749000,1.10520,1.10501,1500000,1310000
2016-07-10 21:27:03.104000,1.10520,1.10497,1500000,1370000
2016-07-10 21:27:03.609000,1.10519,1.10489,1000000,1370000
2016-07-10 21:27:10.008000,1.10514,1.10498,1000000,370000
2016-07-10 21:27:10.213000,1.10512,1.10480,1100000,1870000
2016-07-10 21:27:10.517000,1.10510,1.10479,1500000,1370000
2016-07-10 21:27:43.867000,1.10510,1.10475,1870000,1880000
2016-07-10 21:27:44.466000,1.10509,1.10475,1500000,1880000
2016-07-10 21:28:01.035000,1.10510,1.10484,1870000,380000
2016-07-10 21:28:06.559000,1.10509,1.10475,1000000,1380000
2016-07-10 21:28:07.754000,1.10509,1.10474,1000000,1370000
2016-07-10 21:28:46.535000,1.10508,1.10470,1000000,2620000
2016-07-10 21:29:06.484000,1.10507,1.10468,1000000,3370000
2016-07-10 21:29:26.485000,1.10506,1.10466,1000000,2620000
2016-07-10 21:29:46.538000,1.10505,1.10475,1000000,370000
2016-07-10 21:29:53.743000,1.10506,1.10475,1500000,670000
2016-07-10 21:30:07.474000,1.10506,1.10465,1000000,2880000
2016-07-10 21:30:11.394000,1.10506,1.10465,1000000,2180000
2016-07-10 21:30:11.602000,1.10506,1.10465,1000000,1880000
2016-07-10 21:30:11.653000,1.10506,1.10465,1000000,1880000
2016-07-10 21:30:12.552000,1.10506,1.10465,1000000,1380000
2016-07-10 21:30:24.362000,1.10495,1.10463,750000,2630000
2016-07-10 21:30:24.666000,1.10492,1.10462,1100000,1380000
2016-07-10 21:30:26.682000,1.10490,1.10470,2250000,380000
2016-07-10 21:30:27.104000,1.10488,1.10470,1000000,380000
2016-07-10 21:30:27.214000,1.10492,1.10470,1000000,380000
2016-07-10 21:30:29.232000,1.10495,1.10470,2620000,380000
2016-07-10 21:30:54.586000,1.10493,1.10459,1570000,1570000
2016-07-10 21:30:55.287000,1.10493,1.10470,1570000,380000
2016-07-10 21:30:57.668000,1.10500,1.10470,1000000,380000
2016-07-10 21:30:57.878000,1.10497,1.10470,1000000,380000
2016-07-10 21:30:58.537000,1.10500,1.10470,2250000,380000
2016-07-10 21:31:01.530000,1.10499,1.10470,1000000,380000
2016-07-10 21:31:02.234000,1.10500,1.10459,3070000,1570000
2016-07-10 21:31:03.324000,1.10499,1.10459,1000000,1570000
2016-07-10 21:31:04.278000,1.10498,1.10459,1000000,1570000
2016-07-10 21:31:05.729000,1.10493,1.10470,1500000,380000
2016-07-10 21:31:06.033000,1.10490,1.10470,1000000,380000
2016-07-10 21:31:08.928000,1.10488,1.10470,1500000,380000
2016-07-10 21:31:09.235000,1.10486,1.10470,2250000,380000
2016-07-10 21:31:11.322000,1.10484,1.10470,1750000,380000
2016-07-10 21:31:12.319000,1.10480,1.10469,1500000,380000
2016-07-10 21:31:12.739000,1.10477,1.10468,1500000,380000
2016-07-10 21:31:13.829000,1.10477,1.10469,1000000,380000
2016-07-10 21:31:13.885000,1.10480,1.10470,1100000,380000
2016-07-10 21:31:14.088000,1.10476,1.10468,1100000,380000
2016-07-10 21:31:16.372000,1.10491,1.10470,1250000,380000
2016-07-10 21:31:16.878000,1.10492,1.10470,1000000,380000
2016-07-10 21:31:35.748000,1.10495,1.10470,1000000,380000
2016-07-10 21:31:36.264000,1.10495,1.10466,1000000,1380000
2016-07-10 21:32:00.893000,1.10499,1.10462,1570000,1130000
2016-07-10 21:32:46.502000,1.10497,1.10466,1000000,1380000
2016-07-10 21:33:26.550000,1.10496,1.10466,1000000,750000
2016-07-10 21:33:36.319000,1.10498,1.10462,1000000,1750000
2016-07-10 21:33:36.867000,1.10498,1.10461,1000000,1010000
2016-07-10 21:33:38.429000,1.10498,1.10461,1000000,1010000
2016-07-10 21:33:42.942000,1.10498,1.10461,1000000,1010000
2016-07-10 21:33:43.603000,1.10498,1.10461,1000000,1010000
2016-07-10 21:33:45.043000,1.10498,1.10461,1000000,1010000
2016-07-10 21:33:45.594000,1.10498,1.10461,1000000,1010000
2016-07-10 21:33:49.442000,1.10499,1.10458,2330000,1130000
2016-07-10 21:33:49.965000,1.10499,1.10458,2330000,1130000
2016-07-10 21:34:14.145000,1.10497,1.10456,1000000,1880000
2016-07-10 21:34:14.345000,1.10497,1.10456,1000000,1890000
2016-07-10 21:34:26.546000,1.10496,1.10456,1000000,1890000
2016-07-10 21:34:48.283000,1.10496,1.10456,1000000,1390000
2016-07-10 21:35:17.884000,1.10480,1.10456,1000000,1390000
2016-07-10 21:35:18.248000,1.10478,1.10456,1000000,1390000
2016-07-10 21:35:18.772000,1.10478,1.10456,1000000,1380000
2016-07-10 21:35:21.557000,1.10481,1.10456,1000000,1380000
2016-07-10 21:35:21.659000,1.10485,1.10456,1000000,1380000
2016-07-10 21:35:21.760000,1.10491,1.10456,1000000,1380000
2016-07-10 21:35:50.765000,1.10495,1.10456,1000000,1380000
2016-07-10 21:35:59.753000,1.10496,1.10456,1000000,1380000
2016-07-10 21:36:33.834000,1.10498,1.10456,1500000,1380000
2016-07-10 21:36:33.885000,1.10498,1.10466,1000000,2250000
2016-07-10 21:36:34.188000,1.10502,1.10474,1000000,1000000
2016-07-10 21:36:34.239000,1.10504,1.10474,1000000,1000000
2016-07-10 21:36:34.341000,1.10506,1.10474,1000000,1100000
2016-07-10 21:36:34.442000,1.10509,1.10474,1570000,1100000
2016-07-10 21:36:38.354000,1.10509,1.10475,1100000,1000000
2016-07-10 21:36:38.405000,1.10509,1.10483,1100000,1000000
2016-07-10 21:36:40.662000,1.10509,1.10473,1100000,1000000
2016-07-10 21:36:48.052000,1.10510,1.10470,1870000,1500000
2016-07-10 21:37:06.605000,1.10509,1.10470,2700000,1500000
2016-07-10 21:37:06.657000,1.10509,1.10470,3370000,1000000
2016-07-10 21:37:07.141000,1.10508,1.10467,1000000,1380000
2016-07-10 21:37:15.250000,1.10509,1.10466,1500000,1380000
2016-07-10 21:37:15.301000,1.10502,1.10466,1000000,1380000
2016-07-10 21:37:15.607000,1.10495,1.10465,1000000,1500000
2016-07-10 21:37:29.230000,1.10488,1.10463,1000000,1480000
2016-07-10 21:37:29.534000,1.10485,1.10464,1370000,1480000
2016-07-10 21:38:39.928000,1.10485,1.10464,1500000,1480000
2016-07-10 21:39:39.230000,1.10483,1.10464,1120000,1480000
2016-07-10 21:39:39.534000,1.10483,1.10474,1050000,380000
2016-07-10 21:39:40.182000,1.10488,1.10479,4500000,380000
2016-07-10 21:39:40.880000,1.10487,1.10477,4500000,380000
2016-07-10 21:39:43.597000,1.10488,1.10477,1000000,380000
2016-07-10 21:39:48.947000,1.10489,1.10476,1500000,350000
2016-07-10 21:39:48.998000,1.10483,1.10475,1000000,650000
2016-07-10 21:40:21.245000,1.10483,1.10476,1120000,350000
2016-07-10 21:40:43.603000,1.10483,1.10475,1120000,350000
2016-07-10 21:40:45.856000,1.10483,1.10476,1120000,350000
2016-07-10 21:40:50.150000,1.10485,1.10476,1370000,350000
2016-07-10 21:41:00.268000,1.10484,1.10464,1120000,1360000
2016-07-10 21:41:00.776000,1.10486,1.10464,1370000,1460000
2016-07-10 21:41:06.717000,1.10483,1.10464,1000000,1460000
2016-07-10 21:41:07.454000,1.10486,1.10464,1370000,1460000
2016-07-10 21:41:16.354000,1.10486,1.10464,1120000,1360000
2016-07-10 21:41:27.008000,1.10485,1.10463,1500000,1480000
2016-07-10 21:41:28.004000,1.10485,1.10463,1500000,1480000
2016-07-10 21:41:29.015000,1.10485,1.10463,1500000,1480000
2016-07-10 21:41:29.569000,1.10485,1.10463,1370000,1480000
2016-07-10 21:41:44.614000,1.10485,1.10463,1500000,1480000
2016-07-10 21:41:45.122000,1.10482,1.10464,1120000,1460000
2016-07-10 21:44:00.532000,1.10478,1.10464,1000000,1450000
2016-07-10 21:44:00.735000,1.10480,1.10461,1750000,1100000
2016-07-10 21:44:00.786000,1.10476,1.10461,1000000,1100000
2016-07-10 21:44:00.837000,1.10465,1.10459,1000000,3750000
2016-07-10 21:44:00.939000,1.10469,1.10462,2700000,1730000
2016-07-10 21:44:01.143000,1.10475,1.10460,1750000,1730000
2016-07-10 21:44:01.249000,1.10473,1.10462,1000000,1720000
2016-07-10 21:44:01.351000,1.10477,1.10462,1000000,1720000
2016-07-10 21:44:01.454000,1.10482,1.10462,1870000,1970000
2016-07-10 21:44:04.237000,1.10482,1.10463,1120000,1120000
2016-07-10 21:44:20.232000,1.10482,1.10463,1130000,1120000
2016-07-10 21:44:20.782000,1.10482,1.10463,1130000,1120000
2016-07-10 21:44:32.146000,1.10482,1.10463,1130000,1120000
2016-07-10 21:44:32.541000,1.10482,1.10463,1120000,1120000
2016-07-10 21:47:04.859000,1.10482,1.10461,1120000,1120000
2016-07-10 21:47:08.064000,1.10482,1.10461,1000000,1750000
2016-07-10 21:47:08.598000,1.10482,1.10462,1500000,1100000
2016-07-10 21:47:08.801000,1.10480,1.10461,1000000,1500000
2016-07-10 21:48:06.559000,1.10481,1.10462,1120000,1370000
2016-07-10 21:48:07.961000,1.10482,1.10462,1500000,1370000
2016-07-10 21:48:27.957000,1.10482,1.10462,1500000,1370000
2016-07-10 21:48:46.589000,1.10482,1.10462,1000000,1370000
2016-07-10 21:48:46.995000,1.10481,1.10462,1500000,1370000
2016-07-10 21:48:58.435000,1.10479,1.10462,1000000,1370000
2016-07-10 21:49:14.951000,1.10479,1.10471,1000000,1000000
2016-07-10 21:49:15.053000,1.10482,1.10471,1000000,1000000
2016-07-10 21:49:15.257000,1.10486,1.10471,1500000,1870000
2016-07-10 21:49:15.374000,1.10489,1.10473,1750000,1100000
2016-07-10 21:49:15.888000,1.10487,1.10471,1000000,2250000
2016-07-10 21:49:26.749000,1.10487,1.10471,1000000,1870000
2016-07-10 21:49:27.264000,1.10487,1.10471,1000000,1870000
2016-07-10 21:49:27.965000,1.10487,1.10473,1000000,1370000
2016-07-10 21:49:46.582000,1.10487,1.10473,1000000,1120000
2016-07-10 21:49:47.988000,1.10488,1.10473,1750000,1120000
2016-07-10 21:50:07.276000,1.10487,1.10471,1500000,1880000
2016-07-10 21:50:08.011000,1.10487,1.10471,1000000,2630000
2016-07-10 21:50:26.617000,1.10487,1.10472,1000000,1500000
2016-07-10 21:51:06.659000,1.10487,1.10471,1000000,1880000
2016-07-10 21:51:07.995000,1.10488,1.10472,1000000,1130000
2016-07-10 21:51:25.323000,1.10488,1.10471,1000000,2250000
2016-07-10 21:51:28.004000,1.10488,1.10473,1500000,1370000
2016-07-10 21:52:46.647000,1.10487,1.10475,1500000,1100000
2016-07-10 21:53:28.109000,1.10487,1.10474,1000000,1120000
2016-07-10 21:53:28.800000,1.10486,1.10475,1000000,1100000
2016-07-10 21:54:46.570000,1.10486,1.10475,1500000,1100000
2016-07-10 21:54:47.105000,1.10484,1.10475,1000000,1100000
2016-07-10 21:55:26.979000,1.10484,1.10475,1000000,1100000
2016-07-10 21:55:27.537000,1.10484,1.10475,1000000,1010000
2016-07-10 21:56:03.943000,1.10484,1.10475,1000000,1110000
2016-07-10 21:56:05.270000,1.10493,1.10492,9150000,1500000
2016-07-10 21:56:05.378000,1.10493,1.10492,1000000,1500000
2016-07-10 21:56:05.480000,1.10502,1.10492,1120000,1500000
2016-07-10 21:56:05.581000,1.10503,1.10493,1000000,1000000
2016-07-10 21:56:05.683000,1.10505,1.10490,1500000,3640000
2016-07-10 21:56:05.734000,1.10505,1.10490,1000000,2810000
2016-07-10 21:56:05.987000,1.10505,1.10494,1500000,1000000
2016-07-10 21:56:06.393000,1.10503,1.10493,1000000,1370000
2016-07-10 21:56:06.701000,1.10500,1.10494,1000000,1120000
2016-07-10 21:56:08.004000,1.10501,1.10494,1000000,1120000
2016-07-10 21:56:08.107000,1.10504,1.10494,1500000,1120000
2016-07-10 21:56:08.310000,1.10505,1.10494,1000000,1120000
2016-07-10 21:56:09.642000,1.10507,1.10494,1000000,1120000
2016-07-10 21:56:09.952000,1.10508,1.10494,3750000,1120000
2016-07-10 21:56:26.605000,1.10505,1.10494,1870000,1120000
2016-07-10 21:56:31.979000,1.10504,1.10496,1000000,2250000
2016-07-10 21:56:32.284000,1.10513,1.10504,1500000,1370000
2016-07-10 21:56:32.561000,1.10513,1.10504,1500000,1100000
2016-07-10 21:56:33.113000,1.10514,1.10504,1750000,1370000
2016-07-10 21:56:46.635000,1.10514,1.10503,1870000,1870000
2016-07-10 21:56:47.138000,1.10513,1.10503,1570000,1370000
2016-07-10 21:57:06.676000,1.10512,1.10503,1000000,1120000
2016-07-10 21:57:10.762000,1.10512,1.10503,1120000,1000000
2016-07-10 21:57:12.605000,1.10513,1.10503,2250000,1000000
2016-07-10 21:57:46.690000,1.10512,1.10503,1000000,1120000
2016-07-10 21:57:49.239000,1.10513,1.10503,2250000,1000000
2016-07-10 21:58:05.018000,1.10514,1.10503,1100000,1000000
2016-07-10 21:58:31.667000,1.10515,1.10503,3570000,1000000
2016-07-10 21:58:48.908000,1.10514,1.10501,1480000,1120000
2016-07-10 21:59:12.631000,1.10511,1.10503,370000,750000
2016-07-10 21:59:19.765000,1.10513,1.10503,750000,750000
2016-07-10 21:59:27.806000,1.10516,1.10504,370000,100000
2016-07-10 21:59:42.433000,1.10516,1.10505,370000,100000
2016-07-10 21:59:45.739000,1.10517,1.10505,370000,100000
2016-07-10 21:59:47.947000,1.10516,1.10505,370000,100000
2016-07-10 21:59:48.453000,1.10517,1.10504,370000,750000
2016-07-10 21:59:50.975000,1.10516,1.10504,370000,750000
2016-07-10 21:59:51.914000,1.10516,1.10503,370000,2320000
2016-07-10 21:59:52.016000,1.10516,1.10505,370000,100000
2016-07-10 21:59:52.321000,1.10518,1.10503,370000,1570000
2016-07-10 22:00:00.266000,1.10518,1.10505,1690000,100000
2016-07-10 22:00:00.806000,1.10511,1.10503,750000,820000
2016-07-10 22:00:01.118000,1.10513,1.10504,750000,100000
2016-07-10 22:00:01.221000,1.10515,1.10504,100000,100000
2016-07-10 22:00:01.418000,1.10512,1.10504,750000,100000
2016-07-10 22:00:01.476000,1.10512,1.10502,750000,820000
2016-07-10 22:00:01.951000,1.10512,1.10511,750000,750000
2016-07-10 22:00:02.002000,1.10515,1.10511,100000,750000
2016-07-10 22:00:02.053000,1.10515,1.10513,100000,750000
2016-07-10 22:00:02.155000,1.10515,1.10504,750000,750000
2016-07-10 22:00:02.460000,1.10515,1.10502,820000,820000
2016-07-10 22:00:03.082000,1.10515,1.10507,820000,1500000
2016-07-10 22:00:03.387000,1.10517,1.10511,3000000,2250000
2016-07-10 22:00:03.896000,1.10517,1.10512,3000000,750000
2016-07-10 22:00:04.237000,1.10517,1.10515,3000000,750000
2016-07-10 22:00:04.660000,1.10522,1.10521,6750000,750000
2016-07-10 22:00:05.173000,1.10531,1.10520,750000,750000
2016-07-10 22:00:05.224000,1.10534,1.10520,750000,750000
2016-07-10 22:00:05.432000,1.10534,1.10518,1500000,750000
2016-07-10 22:00:05.483000,1.10534,1.10516,750000,750000
2016-07-10 22:00:05.991000,1.10534,1.10517,750000,1500000
2016-07-10 22:00:06.640000,1.10534,1.10519,1500000,2250000
2016-07-10 22:00:08.788000,1.10534,1.10521,750000,750000
2016-07-10 22:00:08.964000,1.10536,1.10521,5620000,750000
2016-07-10 22:00:09.059000,1.10526,1.10521,100000,750000
2016-07-10 22:00:09.160000,1.10529,1.10521,750000,750000
2016-07-10 22:00:09.212000,1.10535,1.10519,750000,3000000
2016-07-10 22:00:09.314000,1.10533,1.10519,750000,2250000
2016-07-10 22:00:09.826000,1.10534,1.10518,750000,750000
2016-07-10 22:00:10.155000,1.10529,1.10516,750000,2250000
2016-07-10 22:00:10.206000,1.10534,1.10517,1500000,1500000
2016-07-10 22:00:10.469000,1.10529,1.10517,100000,1500000
2016-07-10 22:00:10.570000,1.10534,1.10521,1870000,1500000
2016-07-10 22:00:10.874000,1.10534,1.10523,1500000,1500000
2016-07-10 22:00:11.179000,1.10536,1.10527,6380000,750000
2016-07-10 22:00:11.248000,1.10535,1.10523,830000,750000
2016-07-10 22:00:12.900000,1.10535,1.10523,750000,750000
2016-07-10 22:00:13.088000,1.10535,1.10523,750000,750000
2016-07-10 22:00:13.802000,1.10534,1.10523,750000,750000
2016-07-10 22:00:14.385000,1.10532,1.10523,750000,750000
2016-07-10 22:00:18.522000,1.10531,1.10523,750000,750000
2016-07-10 22:00:19.213000,1.10532,1.10523,750000,750000
2016-07-10 22:00:19.304000,1.10534,1.10523,1120000,750000
2016-07-10 22:00:19.750000,1.10532,1.10523,370000,750000
2016-07-10 22:00:19.801000,1.10532,1.10521,370000,2620000
2016-07-10 22:00:20.562000,1.10531,1.10521,750000,2620000
2016-07-10 22:00:22.730000,1.10534,1.10521,2250000,2620000
2016-07-10 22:00:24.011000,1.10530,1.10521,370000,2620000
2016-07-10 22:00:24.163000,1.10533,1.10521,750000,2620000
2016-07-10 22:00:26.832000,1.10534,1.10521,2250000,2620000
2016-07-10 22:00:28.281000,1.10534,1.10521,1500000,2620000
2016-07-10 22:00:28.916000,1.10534,1.10520,750000,1500000
2016-07-10 22:00:30.069000,1.10534,1.10520,1500000,750000
2016-07-10 22:00:30.221000,1.10534,1.10517,750000,3370000
2016-07-10 22:00:30.487000,1.10528,1.10517,370000,3370000
2016-07-10 22:00:30.894000,1.10526,1.10515,1500000,750000
2016-07-10 22:00:31.201000,1.10523,1.10515,100000,750000
2016-07-10 22:00:31.276000,1.10526,1.10515,1500000,750000
2016-07-10 22:00:31.819000,1.10526,1.10517,150000,750000
2016-07-10 22:00:32.123000,1.10526,1.10521,150000,750000
2016-07-10 22:00:32.234000,1.10526,1.10518,150000,750000
2016-07-10 22:00:32.538000,1.10526,1.10516,150000,750000
2016-07-10 22:00:32.847000,1.10530,1.10517,750000,1500000
2016-07-10 22:00:33.376000,1.10530,1.10516,750000,2250000
2016-07-10 22:00:37.279000,1.10530,1.10517,750000,1500000
2016-07-10 22:00:37.482000,1.10530,1.10520,750000,750000
2016-07-10 22:00:37.786000,1.10516,1.10515,150000,750000
2016-07-10 22:00:38.800000,1.10516,1.10511,150000,750000
2016-07-10 22:00:41.027000,1.10516,1.10509,150000,1570000
2016-07-10 22:00:42.402000,1.10516,1.10510,150000,750000
2016-07-10 22:00:42.981000,1.10516,1.10509,150000,4870000
2016-07-10 22:00:49.290000,1.10511,1.10509,150000,3750000
2016-07-10 22:00:51.659000,1.10516,1.10509,150000,4120000
2016-07-10 22:00:53.749000,1.10516,1.10510,150000,750000
2016-07-10 22:00:54.256000,1.10516,1.10509,150000,3670000
2016-07-10 22:00:54.781000,1.10516,1.10510,150000,750000
2016-07-10 22:00:55.320000,1.10516,1.10509,150000,3370000
2016-07-10 22:00:58.567000,1.10516,1.10507,150000,750000
2016-07-10 22:00:59.077000,1.10516,1.10508,450000,750000
2016-07-10 22:00:59.618000,1.10516,1.10507,450000,750000
2016-07-10 22:01:00.807000,1.10518,1.10507,150000,750000
2016-07-10 22:01:00.909000,1.10521,1.10507,370000,750000
2016-07-10 22:01:00.979000,1.10524,1.10509,750000,750000
2016-07-10 22:01:01.031000,1.10517,1.10511,150000,750000
2016-07-10 22:01:01.133000,1.10516,1.10509,600000,1500000
2016-07-10 22:01:01.235000,1.10519,1.10507,450000,3000000
2016-07-10 22:01:01.338000,1.10521,1.10507,600000,750000
2016-07-10 22:01:03.726000,1.10521,1.10505,1120000,1500000
2016-07-10 22:01:04.252000,1.10521,1.10505,1120000,1500000
2016-07-10 22:01:04.950000,1.10521,1.10505,1120000,1500000
2016-07-10 22:01:08.958000,1.10521,1.10506,370000,2260000
2016-07-10 22:01:09.149000,1.10519,1.10506,750000,760000
2016-07-10 22:01:09.453000,1.10517,1.10507,750000,750000
2016-07-10 22:01:11.947000,1.10515,1.10507,750000,750000
2016-07-10 22:01:12.479000,1.10516,1.10507,750000,750000
2016-07-10 22:01:15.932000,1.10514,1.10507,750000,750000
2016-07-10 22:01:16.457000,1.10516,1.10507,450000,5250000
2016-07-10 22:01:16.639000,1.10516,1.10508,450000,1500000
2016-07-10 22:01:16.995000,1.10516,1.10508,600000,3000000
2016-07-10 22:01:17.609000,1.10515,1.10508,750000,3000000
2016-07-10 22:01:18.115000,1.10516,1.10508,1350000,3000000
2016-07-10 22:01:23.776000,1.10516,1.10508,1350000,750000
2016-07-10 22:01:24.326000,1.10515,1.10508,750000,1500000
2016-07-10 22:01:24.377000,1.10514,1.10511,750000,750000
2016-07-10 22:01:24.466000,1.10516,1.10511,600000,750000
2016-07-10 22:01:37.601000,1.10516,1.10509,600000,2250000
2016-07-10 22:01:37.804000,1.10516,1.10511,1350000,750000
2016-07-10 22:01:38.016000,1.10516,1.10509,1350000,2250000
2016-07-10 22:01:38.600000,1.10516,1.10510,150000,750000
2016-07-10 22:01:40.283000,1.10515,1.10510,750000,750000
2016-07-10 22:01:40.334000,1.10515,1.10504,1500000,1880000
2016-07-10 22:01:40.691000,1.10513,1.10501,750000,2260000
2016-07-10 22:01:41.206000,1.10514,1.10503,750000,1580000
2016-07-10 22:01:44.407000,1.10513,1.10503,370000,3080000
2016-07-10 22:01:47.133000,1.10515,1.10503,1500000,3080000
2016-07-10 22:01:48.047000,1.10514,1.10503,750000,1580000
2016-07-10 22:01:48.550000,1.10513,1.10503,750000,830000
2016-07-10 22:01:51.227000,1.10513,1.10503,750000,830000
2016-07-10 22:01:54.465000,1.10512,1.10503,750000,830000
2016-07-10 22:01:54.996000,1.10511,1.10503,370000,830000
2016-07-10 22:02:11.207000,1.10512,1.10504,1500000,760000
2016-07-10 22:02:12.854000,1.10512,1.10504,750000,760000
2016-07-10 22:02:13.361000,1.10512,1.10503,750000,1580000
2016-07-10 22:02:15.707000,1.10514,1.10505,750000,760000
2016-07-10 22:02:16.215000,1.10515,1.10505,1500000,3760000
2016-07-10 22:02:16.588000,1.10513,1.10505,370000,2630000
2016-07-10 22:02:17.133000,1.10512,1.10504,370000,760000
2016-07-10 22:02:17.653000,1.10512,1.10506,370000,760000
2016-07-10 22:02:17.754000,1.10514,1.10506,370000,760000
2016-07-10 22:02:18.292000,1.10513,1.10503,750000,1580000
2016-07-10 22:02:18.957000,1.10515,1.10507,1120000,750000
2016-07-10 22:02:19.313000,1.10515,1.10509,750000,2250000
2016-07-10 22:02:19.415000,1.10518,1.10509,750000,2250000
2016-07-10 22:02:19.987000,1.10517,1.10508,1120000,370000
2016-07-10 22:02:20.534000,1.10516,1.10510,750000,750000
2016-07-10 22:02:20.635000,1.10516,1.10508,750000,750000
2016-07-10 22:02:20.687000,1.10514,1.10508,370000,1120000
2016-07-10 22:02:20.840000,1.10517,1.10509,750000,750000
2016-07-10 22:02:21.347000,1.10517,1.10508,1870000,1500000
2016-07-10 22:02:21.854000,1.10516,1.10508,370000,2250000
2016-07-10 22:02:22.362000,1.10517,1.10508,750000,1500000
2016-07-10 22:02:22.870000,1.10517,1.10507,750000,2250000
2016-07-10 22:02:24.153000,1.10516,1.10507,750000,1500000
2016-07-10 22:02:24.701000,1.10515,1.10506,750000,1510000
2016-07-10 22:02:25.563000,1.10512,1.10505,370000,380000
2016-07-10 22:02:25.767000,1.10515,1.10506,370000,1880000
2016-07-10 22:02:26.272000,1.10516,1.10508,750000,750000
2016-07-10 22:02:26.865000,1.10516,1.10507,750000,1500000
2016-07-10 22:02:27.422000,1.10516,1.10508,750000,750000
2016-07-10 22:02:27.779000,1.10514,1.10508,370000,750000
2016-07-10 22:02:27.880000,1.10514,1.10504,750000,1510000
2016-07-10 22:02:28.338000,1.10516,1.10507,750000,750000
2016-07-10 22:02:39.357000,1.10516,1.10508,750000,750000
2016-07-10 22:02:39.867000,1.10517,1.10507,750000,750000
2016-07-10 22:02:42.126000,1.10516,1.10507,370000,1130000
2016-07-10 22:02:43.850000,1.10516,1.10506,750000,1500000
2016-07-10 22:02:44.357000,1.10516,1.10506,750000,3010000
2016-07-10 22:02:47.081000,1.10516,1.10506,750000,750000
2016-07-10 22:02:47.132000,1.10516,1.10508,750000,750000
2016-07-10 22:02:47.640000,1.10517,1.10505,2250000,5260000
2016-07-10 22:02:56.637000,1.10515,1.10505,750000,4880000
2016-07-10 22:02:57.838000,1.10514,1.10505,750000,760000
2016-07-10 22:02:58.345000,1.10513,1.10503,750000,3830000
2016-07-10 22:02:58.751000,1.10515,1.10505,1500000,760000
2016-07-10 22:03:02.105000,1.10515,1.10509,1120000,1500000
2016-07-10 22:03:02.156000,1.10517,1.10509,370000,2250000
2016-07-10 22:03:02.207000,1.10517,1.10511,370000,2250000
2016-07-10 22:03:02.258000,1.10519,1.10511,750000,2250000
2016-07-10 22:03:02.765000,1.10520,1.10510,1500000,750000
2016-07-10 22:03:18.329000,1.10520,1.10511,750000,750000
2016-07-10 22:03:18.859000,1.10521,1.10511,750000,1500000
2016-07-10 22:03:26.590000,1.10520,1.10511,750000,750000
2016-07-10 22:03:26.692000,1.10519,1.10509,750000,750000
2016-07-10 22:03:30.582000,1.10520,1.10512,750000,750000
2016-07-10 22:03:30.633000,1.10522,1.10512,1500000,750000
2016-07-10 22:03:31.386000,1.10520,1.10510,750000,3000000
2016-07-10 22:03:48.001000,1.10521,1.10511,1500000,750000
2016-07-10 22:03:48.736000,1.10521,1.10512,750000,750000
2016-07-10 22:03:49.396000,1.10520,1.10510,750000,1500000
2016-07-10 22:03:55.607000,1.10520,1.10511,750000,750000
2016-07-10 22:03:56.145000,1.10521,1.10512,750000,750000
2016-07-10 22:03:56.652000,1.10522,1.10512,1500000,750000
2016-07-10 22:03:56.805000,1.10520,1.10512,370000,370000
2016-07-10 22:03:56.856000,1.10520,1.10510,750000,1500000
2016-07-10 22:03:57.008000,1.10520,1.10512,1500000,750000
2016-07-10 22:03:57.618000,1.10521,1.10512,750000,750000
2016-07-10 22:03:58.225000,1.10520,1.10510,750000,750000
2016-07-10 22:03:58.327000,1.10521,1.10512,750000,750000
2016-07-10 22:03:58.834000,1.10521,1.10511,1500000,2250000
2016-07-10 22:03:59.422000,1.10520,1.10512,1500000,750000
2016-07-10 22:03:59.929000,1.10521,1.10512,750000,750000
2016-07-10 22:04:00.436000,1.10522,1.10512,1500000,750000
2016-07-10 22:04:01.120000,1.10521,1.10512,750000,750000
2016-07-10 22:04:01.627000,1.10522,1.10512,1500000,750000
2016-07-10 22:04:02.134000,1.10521,1.10513,750000,750000
2016-07-10 22:04:02.729000,1.10522,1.10512,1120000,370000
2016-07-10 22:04:03.440000,1.10521,1.10511,1000000,2250000
2016-07-10 22:04:03.947000,1.10521,1.10511,1500000,1000000
2016-07-10 22:04:05.448000,1.10522,1.10512,1500000,1000000
2016-07-10 22:04:05.976000,1.10521,1.10512,1000000,3000000
2016-07-10 22:04:06.332000,1.10523,1.10513,1000000,1000000
2016-07-10 22:04:06.535000,1.10525,1.10515,1500000,1000000
2016-07-10 22:04:12.333000,1.10524,1.10515,1500000,1000000
2016-07-10 22:04:12.486000,1.10523,1.10513,1000000,1500000
2016-07-10 22:04:12.537000,1.10525,1.10514,1500000,3370000
2016-07-10 22:04:12.588000,1.10525,1.10515,1500000,1000000
2016-07-10 22:04:13.104000,1.10524,1.10515,1500000,1000000
2016-07-10 22:04:13.155000,1.10523,1.10513,1000000,1000000
2016-07-10 22:04:13.463000,1.10525,1.10515,1500000,1000000
2016-07-10 22:04:13.990000,1.10524,1.10514,1000000,2250000
2016-07-10 22:04:14.760000,1.10525,1.10515,1500000,1000000
2016-07-10 22:04:15.065000,1.10523,1.10513,1000000,1000000
2016-07-10 22:04:15.573000,1.10524,1.10514,1000000,1000000
2016-07-10 22:04:16.121000,1.10524,1.10515,1000000,1000000
2016-07-10 22:04:16.172000,1.10523,1.10513,1000000,1000000
2016-07-10 22:04:16.477000,1.10525,1.10515,1500000,1000000
2016-07-10 22:04:17.250000,1.10525,1.10514,1500000,1870000
2016-07-10 22:04:17.554000,1.10525,1.10515,1500000,1000000
2016-07-10 22:04:18.664000,1.10523,1.10514,1000000,3000000
2016-07-10 22:04:18.766000,1.10525,1.10515,1500000,1000000
2016-07-10 22:04:19.562000,1.10524,1.10514,1000000,2250000
2016-07-10 22:04:22.581000,1.10525,1.10514,1120000,1500000
2016-07-10 22:04:23.998000,1.10525,1.10513,3000000,2250000
2016-07-10 22:04:26.002000,1.10525,1.10515,1000000,1000000
2016-07-10 22:04:27.168000,1.10525,1.10513,3000000,2250000
2016-07-10 22:04:27.676000,1.10524,1.10514,1000000,2250000
2016-07-10 22:04:28.183000,1.10526,1.10514,3000000,2250000
2016-07-10 22:04:31.461000,1.10524,1.10512,1500000,5100000
2016-07-10 22:04:31.512000,1.10523,1.10513,1000000,1000000
2016-07-10 22:04:31.665000,1.10526,1.10514,2250000,1370000
2016-07-10 22:04:31.716000,1.10525,1.10515,1000000,1000000
2016-07-10 22:04:33.761000,1.10524,1.10515,1000000,1000000
2016-07-10 22:04:33.813000,1.10523,1.10513,1000000,1000000
2016-07-10 22:04:33.966000,1.10525,1.10514,1500000,3370000
2016-07-10 22:04:34.017000,1.10525,1.10515,1000000,1000000
2016-07-10 22:04:34.069000,1.10524,1.10512,1370000,5620000
2016-07-10 22:04:34.128000,1.10523,1.10513,1000000,1000000
2016-07-10 22:04:34.585000,1.10521,1.10511,1870000,1370000
2016-07-10 22:04:34.636000,1.10520,1.10510,1000000,2250000
2016-07-10 22:04:34.687000,1.10522,1.10513,1000000,1500000
2016-07-10 22:04:34.789000,1.10524,1.10514,1500000,1000000
2016-07-10 22:04:34.891000,1.10522,1.10512,1000000,1000000
2016-07-10 22:04:35.383000,1.10521,1.10514,1370000,1500000
2016-07-10 22:04:35.486000,1.10523,1.10512,3000000,2250000
2016-07-10 22:04:35.538000,1.10522,1.10512,1000000,1000000
2016-07-10 22:04:35.690000,1.10522,1.10514,2250000,1500000
2016-07-10 22:04:35.793000,1.10522,1.10511,2250000,1120000
2016-07-10 22:04:35.996000,1.10519,1.10515,1000000,1500000
2016-07-10 22:04:36.098000,1.10522,1.10514,1000000,1500000
2016-07-10 22:04:36.199000,1.10520,1.10511,1000000,1500000
2016-07-10 22:04:36.402000,1.10521,1.10514,1000000,1500000
2016-07-10 22:04:36.504000,1.10520,1.10511,1000000,1000000
2016-07-10 22:04:36.707000,1.10522,1.10514,1000000,1500000
2016-07-10 22:04:36.809000,1.10522,1.10512,1500000,1000000
2016-07-10 22:04:37.015000,1.10521,1.10514,1000000,1500000
2016-07-10 22:04:37.320000,1.10520,1.10511,1500000,1000000
2016-07-10 22:04:37.523000,1.10520,1.10514,1000000,1500000
2016-07-10 22:04:37.626000,1.10521,1.10512,1500000,1000000
2016-07-10 22:04:37.728000,1.10521,1.10510,2250000,1120000
2016-07-10 22:04:37.780000,1.10523,1.10514,2250000,1500000
2016-07-10 22:04:37.882000,1.10521,1.10512,1000000,2620000
2016-07-10 22:04:38.085000,1.10520,1.10514,1500000,1500000
2016-07-10 22:04:38.289000,1.10520,1.10512,1120000,2250000
2016-07-10 22:04:38.530000,1.10521,1.10514,1000000,1500000
2016-07-10 22:04:38.632000,1.10519,1.10511,1000000,1000000
2016-07-10 22:04:38.785000,1.10522,1.10514,2250000,1500000
2016-07-10 22:04:38.837000,1.10522,1.10514,2250000,1500000
2016-07-10 22:04:38.888000,1.10521,1.10512,1370000,1870000
2016-07-10 22:04:39.095000,1.10522,1.10514,2250000,1500000
2016-07-10 22:04:39.298000,1.10520,1.10511,1000000,1000000
2016-07-10 22:04:39.502000,1.10521,1.10514,1000000,1500000
2016-07-10 22:04:39.604000,1.10520,1.10511,1000000,1000000
2016-07-10 22:04:39.817000,1.10521,1.10514,1000000,1500000
2016-07-10 22:04:39.919000,1.10521,1.10511,1500000,1500000
2016-07-10 22:04:40.123000,1.10521,1.10514,1000000,1500000
2016-07-10 22:04:40.225000,1.10521,1.10511,1000000,1500000
2016-07-10 22:04:40.327000,1.10519,1.10511,1000000,1000000
2016-07-10 22:04:40.634000,1.10530,1.10518,3000000,1120000
2016-07-10 22:04:41.141000,1.10529,1.10519,1000000,1000000
2016-07-10 22:04:47.528000,1.10528,1.10516,1500000,3000000
2016-07-10 22:04:49.103000,1.10529,1.10518,1500000,1870000
2016-07-10 22:04:49.156000,1.10529,1.10519,1500000,1000000
2016-07-10 22:04:49.437000,1.10528,1.10516,2250000,2250000
2016-07-10 22:05:19.920000,1.10528,1.10517,1370000,1950000
2016-07-10 22:05:19.971000,1.10530,1.10517,2250000,2700000
2016-07-10 22:05:21.905000,1.10528,1.10517,1370000,1470000
2016-07-10 22:05:21.956000,1.10527,1.10517,1000000,1200000
2016-07-10 22:05:28.021000,1.10529,1.10517,2250000,2850000
2016-07-10 22:05:28.541000,1.10528,1.10518,1000000,1000000
2016-07-10 22:05:39.954000,1.10528,1.10524,1000000,1000000
2016-07-10 22:05:40.208000,1.10533,1.10527,1000000,1500000
2016-07-10 22:05:40.259000,1.10534,1.10529,2250000,1000000
2016-07-10 22:05:40.361000,1.10532,1.10522,1000000,3450000
2016-07-10 22:05:40.513000,1.10531,1.10522,1000000,3970000
2016-07-10 22:05:40.768000,1.10530,1.10522,1500000,1350000
2016-07-10 22:05:40.920000,1.10531,1.10522,1000000,4420000
2016-07-10 22:05:41.579000,1.10531,1.10522,1000000,1500000
2016-07-10 22:05:41.883000,1.10532,1.10524,1500000,1000000
2016-07-10 22:05:42.290000,1.10531,1.10522,1000000,3370000
2016-07-10 22:05:43.051000,1.10532,1.10523,1500000,3370000
2016-07-10 22:05:43.719000,1.10533,1.10524,1750000,1500000
2016-07-10 22:05:44.265000,1.10531,1.10523,1000000,1000000
2016-07-10 22:05:44.804000,1.10533,1.10524,2250000,1500000
2016-07-10 22:05:45.526000,1.10533,1.10525,2250000,1500000
2016-07-10 22:05:45.906000,1.10532,1.10523,1370000,2620000
2016-07-10 22:05:46.516000,1.10532,1.10523,1000000,4500000
2016-07-10 22:05:47.029000,1.10532,1.10524,1000000,1500000
2016-07-10 22:05:47.562000,1.10532,1.10525,1500000,1000000
2016-07-10 22:05:47.670000,1.10532,1.10523,2250000,2250000
2016-07-10 22:05:48.178000,1.10531,1.10524,1000000,1500000
2016-07-10 22:05:48.686000,1.10532,1.10523,1870000,3000000
2016-07-10 22:05:48.788000,1.10531,1.10525,1000000,1000000
2016-07-10 22:05:48.991000,1.10533,1.10523,1500000,3000000
2016-07-10 22:05:49.042000,1.10532,1.10523,1370000,1120000
2016-07-10 22:05:49.555000,1.10532,1.10524,1000000,1500000
2016-07-10 22:05:50.316000,1.10532,1.10523,1000000,4500000
2016-07-10 22:05:50.723000,1.10533,1.10525,1000000,1500000
2016-07-10 22:05:51.129000,1.10532,1.10522,1000000,5250000
2016-07-10 22:05:51.282000,1.10533,1.10524,1500000,2250000
2016-07-10 22:05:51.790000,1.10532,1.10522,1000000,3750000
2016-07-10 22:05:51.892000,1.10532,1.10524,1000000,2250000
2016-07-10 22:05:52.197000,1.10531,1.10523,1370000,1000000
2016-07-10 22:05:52.401000,1.10532,1.10524,1000000,1500000
2016-07-10 22:05:52.960000,1.10533,1.10524,1000000,2620000
2016-07-10 22:05:53.079000,1.10532,1.10522,1370000,2620000
2016-07-10 22:05:53.586000,1.10531,1.10524,1000000,1000000
2016-07-10 22:05:53.688000,1.10531,1.10522,1370000,2620000
2016-07-10 22:05:53.841000,1.10532,1.10523,1000000,1500000
2016-07-10 22:05:54.096000,1.10532,1.10525,1000000,1000000
2016-07-10 22:05:54.907000,1.10533,1.10526,1500000,2250000
2016-07-10 22:05:55.402000,1.10534,1.10524,2250000,1000000
2016-07-10 22:05:55.504000,1.10532,1.10522,1000000,3750000
2016-07-10 22:05:55.606000,1.10532,1.10524,1000000,3000000
2016-07-10 22:05:56.164000,1.10533,1.10524,2250000,4500000
2016-07-10 22:05:56.672000,1.10532,1.10525,2250000,1120000
2016-07-10 22:05:56.979000,1.10532,1.10523,1370000,1500000
2016-07-10 22:05:57.487000,1.10532,1.10524,1370000,3000000
2016-07-10 22:05:57.792000,1.10533,1.10526,1750000,1000000
2016-07-10 22:05:57.944000,1.10533,1.10526,2250000,1000000
2016-07-10 22:05:58.046000,1.10531,1.10526,1000000,1000000
2016-07-10 22:05:58.097000,1.10531,1.10523,1370000,1000000
2016-07-10 22:05:58.614000,1.10531,1.10522,1000000,1000000
2016-07-10 22:05:59.121000,1.10532,1.10523,1000000,1500000
2016-07-10 22:05:59.864000,1.10531,1.10523,1000000,2250000
2016-07-10 22:05:59.969000,1.10531,1.10525,1000000,1500000
2016-07-10 22:06:00.303000,1.10533,1.10527,1000000,1000000
2016-07-10 22:06:00.607000,1.10533,1.10525,1500000,1000000
2016-07-10 22:06:00.810000,1.10531,1.10524,1000000,1000000
2016-07-10 22:06:01.064000,1.10533,1.10524,2250000,1000000
2016-07-10 22:06:01.115000,1.10531,1.10523,1000000,3750000
2016-07-10 22:06:01.456000,1.10534,1.10525,1750000,1870000
2016-07-10 22:06:01.508000,1.10534,1.10525,1750000,1500000
2016-07-10 22:06:01.559000,1.10533,1.10528,1000000,1500000
2016-07-10 22:06:01.813000,1.10533,1.10525,1000000,1000000
2016-07-10 22:06:01.864000,1.10532,1.10525,1500000,1000000
2016-07-10 22:06:02.372000,1.10533,1.10527,1750000,1500000
2016-07-10 22:06:02.778000,1.10534,1.10529,1000000,1500000
2016-07-10 22:06:02.879000,1.10534,1.10527,1000000,2250000
2016-07-10 22:06:03.032000,1.10532,1.10523,1120000,1500000
2016-07-10 22:06:03.437000,1.10532,1.10525,2250000,1500000
2016-07-10 22:06:03.539000,1.10534,1.10522,4500000,4420000
2016-07-10 22:06:03.692000,1.10533,1.10524,1000000,2250000
2016-07-10 22:06:03.998000,1.10533,1.10526,1000000,3000000
2016-07-10 22:06:04.201000,1.10533,1.10524,1000000,1500000
2016-07-10 22:06:04.354000,1.10532,1.10522,1870000,2620000
2016-07-10 22:06:04.658000,1.10534,1.10526,2250000,1000000
2016-07-10 22:06:04.963000,1.10535,1.10528,1000000,1000000
2016-07-10 22:06:05.115000,1.10535,1.10525,1000000,2250000
2016-07-10 22:06:05.218000,1.10533,1.10525,1000000,1000000
2016-07-10 22:06:05.523000,1.10533,1.10528,1000000,1500000
2016-07-10 22:06:05.575000,1.10533,1.10526,1000000,1000000
2016-07-10 22:06:05.676000,1.10533,1.10524,1000000,1500000
2016-07-10 22:06:05.728000,1.10533,1.10530,1000000,1000000
2016-07-10 22:06:05.779000,1.10535,1.10530,1000000,1000000
2016-07-10 22:06:06.034000,1.10535,1.10525,1120000,3370000
2016-07-10 22:06:06.085000,1.10535,1.10524,2250000,4120000
2016-07-10 22:06:06.136000,1.10535,1.10528,2250000,1000000
2016-07-10 22:06:06.550000,1.10534,1.10524,1370000,1370000
2016-07-10 22:06:07.033000,1.10534,1.10527,1000000,1000000
2016-07-10 22:06:07.439000,1.10534,1.10526,1500000,1540000
2016-07-10 22:06:07.542000,1.10532,1.10524,1000000,2250000
2016-07-10 22:06:07.643000,1.10532,1.10527,1000000,1500000
2016-07-10 22:06:07.814000,1.10532,1.10524,1000000,1870000
2016-07-10 22:06:07.916000,1.10534,1.10527,1500000,1000000
2016-07-10 22:06:08.038000,1.10535,1.10524,3000000,1500000
2016-07-10 22:06:08.141000,1.10535,1.10526,2250000,1540000
2016-07-10 22:06:08.435000,1.10536,1.10527,1350000,2660000
2016-07-10 22:06:08.489000,1.10536,1.10529,1350000,1500000
2016-07-10 22:06:08.744000,1.10535,1.10526,1870000,3000000
2016-07-10 22:06:08.947000,1.10535,1.10528,4500000,1500000
2016-07-10 22:06:09.151000,1.10534,1.10526,1500000,1000000
2016-07-10 22:06:09.609000,1.10534,1.10529,1000000,1000000
2016-07-10 22:06:09.761000,1.10534,1.10525,1000000,1870000
2016-07-10 22:06:09.964000,1.10533,1.10528,1000000,1500000
2016-07-10 22:06:10.066000,1.10535,1.10524,3000000,5250000
2016-07-10 22:06:10.370000,1.10534,1.10527,1500000,1500000
2016-07-10 22:06:10.522000,1.10534,1.10524,2250000,1500000
2016-07-10 22:06:10.826000,1.10534,1.10526,1500000,1500000
2016-07-10 22:06:11.333000,1.10534,1.10524,1000000,3000000
2016-07-10 22:06:11.519000,1.10534,1.10527,1000000,1000000
2016-07-10 22:06:11.723000,1.10534,1.10525,1000000,1000000
2016-07-10 22:06:11.875000,1.10534,1.10528,1000000,1500000
2016-07-10 22:06:12.027000,1.10533,1.10525,1500000,1000000
2016-07-10 22:06:12.281000,1.10533,1.10527,1500000,1500000
2016-07-10 22:06:12.433000,1.10534,1.10527,1000000,1000000
2016-07-10 22:06:12.586000,1.10536,1.10528,1200000,2250000
2016-07-10 22:06:12.687000,1.10534,1.10525,1120000,2250000
2016-07-10 22:06:13.104000,1.10533,1.10525,2250000,1000000
2016-07-10 22:06:13.315000,1.10534,1.10526,1000000,1500000
2016-07-10 22:06:13.519000,1.10534,1.10524,1500000,1000000
2016-07-10 22:06:13.671000,1.10534,1.10525,1750000,1500000
2016-07-10 22:06:13.978000,1.10534,1.10530,1500000,1500000
2016-07-10 22:06:14.131000,1.10535,1.10528,1000000,1000000
2016-07-10 22:06:14.240000,1.10535,1.10525,1000000,1000000
2016-07-10 22:06:14.342000,1.10533,1.10524,1000000,1120000
2016-07-10 22:06:14.612000,1.10532,1.10522,1000000,3000000
2016-07-10 22:06:14.714000,1.10532,1.10524,1000000,1000000
2016-07-10 22:06:14.866000,1.10532,1.10522,1000000,3000000
2016-07-10 22:06:15.477000,1.10532,1.10524,1000000,1000000
2016-07-10 22:06:15.934000,1.10532,1.10522,1000000,3000000
2016-07-10 22:06:16.242000,1.10531,1.10525,1000000,1000000
2016-07-10 22:06:16.293000,1.10533,1.10525,1000000,1000000
2016-07-10 22:06:16.344000,1.10533,1.10523,1500000,1000000
2016-07-10 22:06:16.852000,1.10534,1.10524,2250000,2250000
2016-07-10 22:06:17.055000,1.10534,1.10526,2250000,1000000
2016-07-10 22:06:17.360000,1.10533,1.10524,1500000,1000000
2016-07-10 22:06:17.563000,1.10532,1.10526,1000000,1500000
2016-07-10 22:06:17.751000,1.10534,1.10526,1500000,1500000
2016-07-10 22:06:17.853000,1.10533,1.10523,1000000,1500000
2016-07-10 22:06:18.166000,1.10533,1.10526,1000000,1500000
2016-07-10 22:06:18.268000,1.10533,1.10523,1870000,1870000
2016-07-10 22:06:18.522000,1.10534,1.10525,1000000,2250000
2016-07-10 22:06:18.725000,1.10534,1.10523,2250000,1120000
2016-07-10 22:06:18.979000,1.10535,1.10526,3000000,1500000
2016-07-10 22:06:19.518000,1.10533,1.10527,1500000,1000000
2016-07-10 22:06:19.569000,1.10533,1.10524,1500000,1000000
2016-07-10 22:06:19.671000,1.10535,1.10526,3750000,1500000
2016-07-10 22:06:19.722000,1.10535,1.10526,3000000,1500000
2016-07-10 22:06:19.874000,1.10534,1.10524,2250000,1120000
2016-07-10 22:06:20.077000,1.10535,1.10526,3000000,1500000
2016-07-10 22:06:20.280000,1.10534,1.10524,1870000,1000000
2016-07-10 22:06:20.483000,1.10535,1.10526,2250000,1500000
2016-07-10 22:06:20.585000,1.10534,1.10524,2250000,2620000
2016-07-10 22:06:20.912000,1.10533,1.10527,1000000,1500000
2016-07-10 22:06:21.116000,1.10535,1.10527,1500000,1500000
2016-07-10 22:06:21.219000,1.10533,1.10527,1000000,1000000
2016-07-10 22:06:21.321000,1.10533,1.10525,1500000,1000000
2016-07-10 22:06:21.372000,1.10533,1.10523,1500000,3000000
2016-07-10 22:06:21.473000,1.10532,1.10527,1000000,1500000
2016-07-10 22:06:21.575000,1.10532,1.10525,1000000,1000000
2016-07-10 22:06:21.626000,1.10533,1.10523,1120000,3190000
2016-07-10 22:06:21.678000,1.10533,1.10525,2250000,1000000
2016-07-10 22:06:22.134000,1.10535,1.10526,1120000,1500000
2016-07-10 22:06:22.286000,1.10533,1.10525,1120000,2810000
2016-07-10 22:06:22.794000,1.10532,1.10524,1000000,1000000
2016-07-10 22:06:23.301000,1.10532,1.10525,1000000,1000000
2016-07-10 22:06:23.606000,1.10534,1.10527,1370000,1500000
2016-07-10 22:06:23.708000,1.10534,1.10525,1000000,1870000
2016-07-10 22:06:23.882000,1.10534,1.10525,1750000,1120000
2016-07-10 22:06:24.338000,1.10534,1.10526,1000000,1000000
2016-07-10 22:06:24.887000,1.10533,1.10526,1000000,1000000
2016-07-10 22:06:25.394000,1.10534,1.10525,2250000,1500000
2016-07-10 22:06:25.922000,1.10534,1.10526,2250000,1500000
2016-07-10 22:06:26.430000,1.10534,1.10525,2250000,1000000
2016-07-10 22:06:26.791000,1.10535,1.10527,2250000,1500000
2016-07-10 22:06:27.044000,1.10533,1.10525,2250000,1000000
2016-07-10 22:06:27.298000,1.10534,1.10527,1000000,1500000
2016-07-10 22:06:27.399000,1.10534,1.10525,2250000,1000000
2016-07-10 22:06:27.922000,1.10533,1.10526,1000000,1500000
2016-07-10 22:06:28.074000,1.10533,1.10524,2250000,2250000
2016-07-10 22:06:28.395000,1.10534,1.10526,2250000,1500000
2016-07-10 22:06:28.750000,1.10534,1.10525,1000000,1000000
2016-07-10 22:06:30.097000,1.10534,1.10526,1000000,1500000
2016-07-10 22:06:30.343000,1.10532,1.10525,1000000,1000000
2016-07-10 22:06:30.902000,1.10534,1.10526,2250000,1500000
2016-07-10 22:06:31.409000,1.10534,1.10526,2250000,1500000
2016-07-10 22:06:31.938000,1.10534,1.10527,1000000,1000000
2016-07-10 22:06:32.040000,1.10533,1.10524,1000000,3370000
2016-07-10 22:06:32.555000,1.10533,1.10525,1000000,1000000
2016-07-10 22:06:32.860000,1.10535,1.10525,2620000,3450000
2016-07-10 22:06:33.014000,1.10534,1.10529,1500000,1500000
2016-07-10 22:06:33.167000,1.10535,1.10527,2250000,1000000
2016-07-10 22:06:33.422000,1.10536,1.10529,2850000,1500000
2016-07-10 22:06:33.524000,1.10535,1.10527,1500000,1000000
2016-07-10 22:06:33.575000,1.10534,1.10525,1120000,1500000
2016-07-10 22:06:33.728000,1.10534,1.10526,2250000,1000000
2016-07-10 22:06:33.931000,1.10534,1.10526,1000000,1000000
2016-07-10 22:06:34.243000,1.10534,1.10528,1500000,1500000
2016-07-10 22:06:34.345000,1.10535,1.10525,1750000,1500000
2016-07-10 22:06:34.548000,1.10534,1.10527,1500000,1000000
2016-07-10 22:06:34.840000,1.10535,1.10524,2250000,1120000
2016-07-10 22:06:34.942000,1.10534,1.10527,2250000,1000000
2016-07-10 22:06:35.044000,1.10536,1.10527,2850000,1000000
2016-07-10 22:06:35.458000,1.10533,1.10524,2250000,1000000
2016-07-10 22:06:35.663000,1.10534,1.10527,1000000,1000000
2016-07-10 22:06:36.170000,1.10534,1.10528,1000000,2250000
2016-07-10 22:06:36.272000,1.10533,1.10526,1000000,1000000
2016-07-10 22:06:36.748000,1.10535,1.10527,1000000,1000000
2016-07-10 22:06:37.255000,1.10535,1.10528,1000000,1500000
2016-07-10 22:06:37.614000,1.10535,1.10530,3000000,1500000
2016-07-10 22:06:37.767000,1.10534,1.10527,1500000,1500000
2016-07-10 22:06:37.818000,1.10534,1.10525,1870000,1870000
2016-07-10 22:06:38.065000,1.10534,1.10527,1000000,2250000
2016-07-10 22:06:38.371000,1.10532,1.10526,1000000,1000000
2016-07-10 22:06:38.574000,1.10534,1.10525,1000000,1000000
2016-07-10 22:06:38.777000,1.10535,1.10527,1000000,1000000
2016-07-10 22:06:38.879000,1.10534,1.10525,1000000,3000000
2016-07-10 22:06:39.184000,1.10534,1.10527,1000000,1000000
2016-07-10 22:06:39.387000,1.10533,1.10525,1000000,1500000
2016-07-10 22:06:39.921000,1.10533,1.10526,1000000,1000000
2016-07-10 22:06:40.124000,1.10535,1.10524,3000000,5440000
2016-07-10 22:06:40.430000,1.10533,1.10526,1370000,1000000
2016-07-10 22:06:40.481000,1.10534,1.10526,1000000,1500000
2016-07-10 22:06:40.634000,1.10533,1.10525,2250000,1000000
2016-07-10 22:06:40.938000,1.10534,1.10527,1120000,1000000
2016-07-10 22:06:40.990000,1.10533,1.10524,1120000,2250000
2016-07-10 22:06:41.261000,1.10534,1.10528,2250000,1500000
2016-07-10 22:06:41.313000,1.10534,1.10528,1500000,1500000
2016-07-10 22:06:41.364000,1.10533,1.10524,1500000,2250000
2016-07-10 22:06:41.619000,1.10532,1.10527,1000000,1500000
2016-07-10 22:06:41.975000,1.10534,1.10527,1000000,1000000
2016-07-10 22:06:42.077000,1.10533,1.10525,1000000,2250000
2016-07-10 22:06:42.331000,1.10535,1.10528,1370000,1500000
2016-07-10 22:06:42.382000,1.10536,1.10528,3600000,1500000
2016-07-10 22:06:42.434000,1.10536,1.10527,6600000,1000000
2016-07-10 22:06:42.485000,1.10533,1.10525,1000000,1000000
2016-07-10 22:06:42.638000,1.10533,1.10527,1500000,1500000
2016-07-10 22:06:42.758000,1.10534,1.10527,1000000,1500000
2016-07-10 22:06:42.886000,1.10533,1.10525,1000000,1000000
2016-07-10 22:06:43.067000,1.10534,1.10528,1000000,1000000
2016-07-10 22:06:43.270000,1.10534,1.10526,1500000,2250000
2016-07-10 22:06:43.525000,1.10534,1.10529,1500000,1500000
2016-07-10 22:06:43.576000,1.10535,1.10529,1000000,1500000
2016-07-10 22:06:44.134000,1.10536,1.10529,5100000,1000000
2016-07-10 22:06:44.191000,1.10533,1.10527,1000000,1120000
2016-07-10 22:06:44.481000,1.10537,1.10529,1600000,1000000
2016-07-10 22:06:44.586000,1.10534,1.10527,1000000,1000000
2016-07-10 22:06:44.892000,1.10537,1.10531,1350000,1000000
2016-07-10 22:06:45.097000,1.10533,1.10527,1000000,1000000
2016-07-10 22:06:45.250000,1.10534,1.10530,1370000,1500000
2016-07-10 22:06:45.301000,1.10537,1.10530,1600000,1500000
2016-07-10 22:06:45.453000,1.10536,1.10532,2100000,1000000
2016-07-10 22:06:45.781000,1.10536,1.10529,1720000,1000000
2016-07-10 22:06:45.883000,1.10534,1.10527,1000000,1000000
2016-07-10 22:06:46.036000,1.10535,1.10531,2620000,1500000
2016-07-10 22:06:46.087000,1.10536,1.10531,2100000,2250000
2016-07-10 22:06:46.189000,1.10536,1.10529,1350000,1000000
2016-07-10 22:06:46.443000,1.10536,1.10531,1720000,1500000
2016-07-10 22:06:46.545000,1.10537,1.10529,1600000,3750000
2016-07-10 22:06:46.596000,1.10536,1.10531,2100000,1000000
2016-07-10 22:06:46.698000,1.10535,1.10525,1000000,2250000
2016-07-10 22:06:46.851000,1.10535,1.10529,1000000,1500000
2016-07-10 22:06:47.155000,1.10534,1.10530,1370000,1000000
2016-07-10 22:06:47.246000,1.10534,1.10528,1500000,1000000
2016-07-10 22:06:47.398000,1.10535,1.10529,2250000,1500000
2016-07-10 22:06:47.652000,1.10535,1.10532,1870000,1500000
2016-07-10 22:06:47.835000,1.10537,1.10530,3600000,1000000
2016-07-10 22:06:47.937000,1.10535,1.10530,1870000,1000000
2016-07-10 22:06:48.090000,1.10534,1.10527,2250000,1000000
2016-07-10 22:06:48.242000,1.10537,1.10530,1350000,1500000
2016-07-10 22:06:48.293000,1.10536,1.10530,1350000,1500000
2016-07-10 22:06:48.344000,1.10536,1.10528,1720000,1000000
2016-07-10 22:06:48.395000,1.10534,1.10530,1000000,1000000
2016-07-10 22:06:48.497000,1.10534,1.10526,1500000,1000000
2016-07-10 22:06:48.650000,1.10534,1.10530,1370000,1500000
2016-07-10 22:06:48.752000,1.10535,1.10529,1000000,1000000
2016-07-10 22:06:49.261000,1.10535,1.10527,1000000,1500000
2016-07-10 22:06:49.363000,1.10533,1.10530,1000000,1500000
2016-07-10 22:06:49.466000,1.10536,1.10530,1200000,1500000
2016-07-10 22:06:49.568000,1.10535,1.10528,1000000,1500000
2016-07-10 22:06:49.670000,1.10535,1.10526,1500000,1000000
2016-07-10 22:06:49.822000,1.10533,1.10526,1000000,1000000
2016-07-10 22:06:49.924000,1.10532,1.10524,1000000,2250000
2016-07-10 22:06:50.026000,1.10535,1.10526,3000000,1000000
2016-07-10 22:06:50.077000,1.10535,1.10527,2250000,1500000
2016-07-10 22:06:50.422000,1.10535,1.10529,3000000,1000000
2016-07-10 22:06:50.575000,1.10535,1.10527,3000000,1000000
2016-07-10 22:06:50.778000,1.10535,1.10529,2620000,1500000
2016-07-10 22:06:50.880000,1.10535,1.10525,3000000,4500000
2016-07-10 22:06:51.051000,1.10535,1.10529,3000000,2250000
2016-07-10 22:06:51.355000,1.10535,1.10531,2250000,1500000
2016-07-10 22:06:51.862000,1.10534,1.10530,2250000,1000000
2016-07-10 22:06:52.027000,1.10531,1.10522,1000000,1120000
2016-07-10 22:06:52.587000,1.10532,1.10522,1000000,1000000
2016-07-10 22:06:53.047000,1.10530,1.10522,1000000,1000000
2016-07-10 22:06:53.385000,1.10527,1.10522,1000000,1000000
2016-07-10 22:06:53.801000,1.10529,1.10522,1000000,1000000
2016-07-10 22:06:54.316000,1.10528,1.10522,1000000,1000000
2016-07-10 22:06:57.186000,1.10529,1.10522,1000000,1000000
2016-07-10 22:06:57.698000,1.10528,1.10522,1000000,1000000
2016-07-10 22:06:58.883000,1.10529,1.10522,1000000,1000000
2016-07-10 22:06:59.396000,1.10528,1.10522,1000000,1000000
2016-07-10 22:07:00.265000,1.10528,1.10520,1000000,1000000
2016-07-10 22:07:00.800000,1.10529,1.10519,1500000,1010000
2016-07-10 22:07:15.317000,1.10529,1.10521,1000000,1000000
2016-07-10 22:07:16,1.10530,1.10522,2620000,1000000
2016-07-10 22:07:16.425000,1.10530,1.10520,3000000,4500000
2016-07-10 22:07:16.932000,1.10529,1.10521,1000000,1000000
2016-07-10 22:07:16.984000,1.10529,1.10519,1000000,3010000
2016-07-10 22:07:17.137000,1.10530,1.10521,1000000,1000000
2016-07-10 22:07:17.239000,1.10529,1.10519,1000000,3570000
2016-07-10 22:07:17.291000,1.10526,1.10519,1000000,1000000
2016-07-10 22:07:19.373000,1.10526,1.10518,1000000,1010000
2016-07-10 22:07:19.884000,1.10526,1.10518,1000000,1510000
2016-07-10 22:07:20.241000,1.10528,1.10518,1000000,2260000
2016-07-10 22:07:20.292000,1.10526,1.10518,1000000,3760000
2016-07-10 22:07:20.811000,1.10527,1.10518,1100000,1500000
2016-07-10 22:07:21.319000,1.10526,1.10518,1000000,1000000
2016-07-10 22:07:21.829000,1.10529,1.10519,2620000,1010000
2016-07-10 22:07:22.336000,1.10526,1.10519,1000000,2250000
2016-07-10 22:07:22.868000,1.10529,1.10521,1500000,1870000
2016-07-10 22:07:23.072000,1.10528,1.10519,1000000,1010000
2016-07-10 22:07:23.226000,1.10528,1.10521,1000000,1500000
2016-07-10 22:07:23.770000,1.10528,1.10522,1000000,1500000
2016-07-10 22:07:23.924000,1.10528,1.10519,1000000,1010000
2016-07-10 22:07:24.433000,1.10528,1.10520,1100000,3000000
2016-07-10 22:07:25.245000,1.10530,1.10522,2620000,1500000
2016-07-10 22:07:25.347000,1.10530,1.10520,4870000,1500000
2016-07-10 22:07:25.855000,1.10528,1.10519,1000000,1880000
2016-07-10 22:07:26.501000,1.10528,1.10520,1000000,1120000
2016-07-10 22:07:27.008000,1.10529,1.10519,1570000,3750000
2016-07-10 22:07:27.110000,1.10529,1.10521,1100000,1000000
2016-07-10 22:07:27.465000,1.10528,1.10519,1100000,1130000
2016-07-10 22:07:27.618000,1.10526,1.10518,1000000,1580000
2016-07-10 22:07:27.669000,1.10526,1.10518,1000000,1200000
2016-07-10 22:07:27.826000,1.10529,1.10519,2320000,1130000
2016-07-10 22:07:28.335000,1.10528,1.10518,1100000,2330000
2016-07-10 22:07:28.487000,1.10528,1.10518,1570000,3830000
2016-07-10 22:07:28.691000,1.10528,1.10521,1070000,1000000
2016-07-10 22:07:28.792000,1.10529,1.10519,2250000,4690000
2016-07-10 22:07:29.301000,1.10526,1.10518,1000000,1100000
2016-07-10 22:07:29.697000,1.10529,1.10519,2320000,1010000
2016-07-10 22:07:29.799000,1.10526,1.10519,1000000,1130000
2016-07-10 22:07:29.901000,1.10528,1.10519,1100000,2250000
2016-07-10 22:07:30.003000,1.10526,1.10517,1000000,2780000
2016-07-10 22:07:30.307000,1.10526,1.10518,1000000,1580000
2016-07-10 22:07:30.409000,1.10526,1.10521,1000000,1000000
2016-07-10 22:07:30.562000,1.10528,1.10518,1070000,1110000
2016-07-10 22:07:31.069000,1.10526,1.10518,1000000,1110000
2016-07-10 22:07:31.580000,1.10526,1.10518,1000000,1100000
2016-07-10 22:07:33.105000,1.10528,1.10518,1570000,2330000
2016-07-10 22:07:34.017000,1.10526,1.10519,1000000,1010000
2016-07-10 22:07:34.611000,1.10527,1.10519,1100000,1010000
2016-07-10 22:07:35.270000,1.10529,1.10520,1120000,1000000
2016-07-10 22:07:35.625000,1.10525,1.10518,1500000,1100000
2016-07-10 22:07:36.347000,1.10529,1.10519,2620000,1010000
2016-07-10 22:07:36.550000,1.10529,1.10520,2250000,1870000
2016-07-10 22:07:36.804000,1.10527,1.10519,1100000,1010000
2016-07-10 22:07:37.781000,1.10527,1.10518,1570000,1000000
2016-07-10 22:07:38.239000,1.10524,1.10517,1000000,1430000
2016-07-10 22:07:39.148000,1.10527,1.10517,1200000,3680000
2016-07-10 22:07:39.657000,1.10526,1.10518,1000000,1100000
2016-07-10 22:07:40.164000,1.10527,1.10518,1000000,1580000
2016-07-10 22:07:40.676000,1.10526,1.10517,1000000,3680000
2016-07-10 22:07:41.133000,1.10524,1.10517,1000000,2850000
2016-07-10 22:07:41.539000,1.10526,1.10518,1000000,3380000
2016-07-10 22:07:46.865000,1.10526,1.10519,1000000,1380000
2016-07-10 22:07:47.383000,1.10526,1.10519,1000000,1010000
2016-07-10 22:07:49.547000,1.10523,1.10519,1000000,1010000
2016-07-10 22:07:50.461000,1.10524,1.10519,1000000,1010000
2016-07-10 22:07:50.971000,1.10524,1.10520,1000000,1000000
2016-07-10 22:07:51.275000,1.10523,1.10519,1000000,1380000
2016-07-10 22:07:51.783000,1.10523,1.10518,1000000,1500000
2016-07-10 22:07:51.936000,1.10526,1.10521,1000000,1000000
2016-07-10 22:07:52.141000,1.10523,1.10520,1000000,1000000
2016-07-10 22:07:52.670000,1.10523,1.10518,1000000,1500000
2016-07-10 22:07:53.196000,1.10523,1.10517,1000000,5100000
2016-07-10 22:07:53.703000,1.10524,1.10519,1000000,2250000
2016-07-10 22:07:54.215000,1.10523,1.10519,1000000,2250000
2016-07-10 22:07:55.541000,1.10523,1.10519,1000000,1500000
2016-07-10 22:07:56.052000,1.10522,1.10519,1000000,1500000
2016-07-10 22:07:56.631000,1.10522,1.10518,1000000,1500000
2016-07-10 22:07:57.174000,1.10523,1.10518,1000000,1500000
2016-07-10 22:07:58.107000,1.10522,1.10518,1000000,1500000
2016-07-10 22:07:59.483000,1.10521,1.10517,1000000,2100000
2016-07-10 22:07:59.990000,1.10522,1.10517,1000000,1350000
2016-07-10 22:08:00.542000,1.10522,1.10517,1000000,2850000
2016-07-10 22:08:00.797000,1.10524,1.10517,1000000,1500000
2016-07-10 22:08:00.899000,1.10522,1.10517,1000000,1950000
2016-07-10 22:08:02.162000,1.10522,1.10517,1000000,5100000
2016-07-10 22:08:02.669000,1.10522,1.10517,1000000,1350000
2016-07-10 22:08:04.207000,1.10523,1.10518,1000000,2630000
2016-07-10 22:08:05.780000,1.10522,1.10517,1000000,1580000
2016-07-10 22:08:06.300000,1.10523,1.10519,1000000,1010000
2016-07-10 22:08:06.826000,1.10522,1.10517,1000000,2250000
2016-07-10 22:08:15.543000,1.10522,1.10516,1000000,5330000
2016-07-10 22:08:16.058000,1.10522,1.10518,1000000,2250000
2016-07-10 22:08:16.565000,1.10523,1.10518,1000000,1500000
2016-07-10 22:08:18.539000,1.10522,1.10517,1000000,1880000
2016-07-10 22:08:19.666000,1.10522,1.10516,1000000,1880000
2016-07-10 22:08:20.208000,1.10522,1.10518,1000000,2250000
2016-07-10 22:08:20.715000,1.10521,1.10518,1000000,1000000
2016-07-10 22:08:21.831000,1.10522,1.10516,1000000,2250000
2016-07-10 22:08:22.363000,1.10521,1.10518,1000000,1000000
2016-07-10 22:08:23.750000,1.10521,1.10516,1000000,1000000
2016-07-10 22:08:24.258000,1.10522,1.10518,1000000,1000000
2016-07-10 22:08:24.781000,1.10522,1.10516,1000000,1500000
2016-07-10 22:08:25.333000,1.10522,1.10518,1000000,2250000
2016-07-10 22:08:25.847000,1.10521,1.10516,1000000,1500000
2016-07-10 22:08:26.354000,1.10522,1.10518,1000000,2250000
2016-07-10 22:08:26.893000,1.10521,1.10516,1000000,2250000
2016-07-10 22:08:27.400000,1.10521,1.10516,1000000,1000000
2016-07-10 22:08:27.950000,1.10520,1.10516,1000000,1500000
2016-07-10 22:08:28.153000,1.10520,1.10518,1000000,1000000
2016-07-10 22:08:28.357000,1.10520,1.10516,1000000,2250000
2016-07-10 22:08:28.574000,1.10520,1.10518,1500000,1500000
2016-07-10 22:08:28.783000,1.10521,1.10516,1000000,1500000
2016-07-10 22:08:28.986000,1.10521,1.10518,1000000,1000000
2016-07-10 22:08:29.272000,1.10521,1.10516,1000000,1000000
2016-07-10 22:08:29.475000,1.10521,1.10518,1000000,1000000
2016-07-10 22:08:29.729000,1.10521,1.10516,1000000,4200000
2016-07-10 22:08:29.985000,1.10521,1.10518,1000000,1000000
2016-07-10 22:08:30.865000,1.10521,1.10517,1000000,1000000
2016-07-10 22:08:31.372000,1.10521,1.10516,1000000,1000000
2016-07-10 22:08:31.676000,1.10521,1.10518,1000000,2250000
2016-07-10 22:08:31.778000,1.10521,1.10516,1000000,4950000
2016-07-10 22:08:32.317000,1.10520,1.10516,1000000,1500000
2016-07-10 22:08:32.583000,1.10522,1.10518,1000000,1000000
2016-07-10 22:08:32.888000,1.10522,1.10516,1000000,3750000
2016-07-10 22:08:33.091000,1.10521,1.10518,1000000,1000000
2016-07-10 22:08:33.422000,1.10521,1.10516,1000000,2250000
2016-07-10 22:08:33.575000,1.10522,1.10518,1000000,1000000
2016-07-10 22:08:33.778000,1.10521,1.10515,1000000,5620000
2016-07-10 22:08:33.880000,1.10523,1.10515,1000000,2620000
2016-07-10 22:08:34.155000,1.10521,1.10518,1000000,2250000
2016-07-10 22:08:38.847000,1.10521,1.10517,1000000,1000000
2016-07-10 22:08:39.354000,1.10521,1.10516,1000000,1000000
2016-07-10 22:08:39.861000,1.10522,1.10517,1000000,1500000
2016-07-10 22:08:40.368000,1.10522,1.10516,1000000,1000000
2016-07-10 22:08:40.974000,1.10522,1.10517,1000000,1000000
2016-07-10 22:08:41.178000,1.10522,1.10515,1000000,4500000
2016-07-10 22:08:41.404000,1.10522,1.10517,1000000,1000000
2016-07-10 22:08:41.913000,1.10521,1.10517,1000000,2250000
2016-07-10 22:08:42.425000,1.10521,1.10518,1000000,1000000
2016-07-10 22:08:42.578000,1.10520,1.10515,1000000,5250000
2016-07-10 22:08:42.781000,1.10520,1.10517,1000000,2250000
2016-07-10 22:08:43.034000,1.10520,1.10515,1500000,5250000
2016-07-10 22:08:43.260000,1.10520,1.10517,1000000,1500000
2016-07-10 22:08:43.412000,1.10520,1.10515,1000000,8700000
2016-07-10 22:08:43.514000,1.10522,1.10515,1000000,4500000
2016-07-10 22:08:43.667000,1.10522,1.10517,1000000,2250000
2016-07-10 22:08:44.022000,1.10520,1.10515,1000000,3750000
2016-07-10 22:08:44.359000,1.10521,1.10517,1000000,1000000
2016-07-10 22:08:52.125000,1.10521,1.10516,1000000,2620000
2016-07-10 22:08:52.632000,1.10521,1.10517,1000000,1500000
2016-07-10 22:08:53.151000,1.10520,1.10518,1500000,1000000
2016-07-10 22:08:53.203000,1.10520,1.10516,1500000,1500000
2016-07-10 22:08:53.914000,1.10521,1.10516,1000000,1000000
2016-07-10 22:08:54.430000,1.10521,1.10517,1000000,1500000
2016-07-10 22:08:55.277000,1.10520,1.10517,1000000,1500000
2016-07-10 22:08:55.328000,1.10520,1.10515,1500000,2250000
2016-07-10 22:08:55.380000,1.10520,1.10517,1000000,1000000
2016-07-10 22:08:55.482000,1.10522,1.10517,1000000,1000000
2016-07-10 22:08:55.534000,1.10520,1.10516,1000000,1500000
2016-07-10 22:08:55.839000,1.10523,1.10516,1000000,3000000
2016-07-10 22:08:55.941000,1.10520,1.10516,1500000,1870000
2016-07-10 22:08:56.347000,1.10522,1.10516,1000000,1500000
2016-07-10 22:08:59.352000,1.10521,1.10516,1000000,1000000
2016-07-10 22:08:59.858000,1.10520,1.10516,1500000,1000000
2016-07-10 22:09:00.389000,1.10521,1.10516,1000000,1000000
2016-07-10 22:09:00.492000,1.10522,1.10518,1000000,1500000
2016-07-10 22:09:00.696000,1.10520,1.10515,1500000,6000000
2016-07-10 22:09:00.848000,1.10520,1.10517,1000000,1000000
2016-07-10 22:09:01.001000,1.10520,1.10515,1500000,5250000
2016-07-10 22:09:01.154000,1.10520,1.10517,1500000,1000000
2016-07-10 22:09:01.256000,1.10522,1.10518,1000000,2250000
2016-07-10 22:09:01.357000,1.10520,1.10516,1000000,1000000
2016-07-10 22:09:01.662000,1.10521,1.10518,1000000,1000000
2016-07-10 22:09:03.524000,1.10521,1.10517,1000000,2620000
2016-07-10 22:09:03.627000,1.10521,1.10515,1000000,1500000
2016-07-10 22:09:04.543000,1.10523,1.10515,1000000,1500000
2016-07-10 22:09:07.964000,1.10523,1.10515,1000000,2250000
2016-07-10 22:09:15.317000,1.10522,1.10516,1000000,1000000
2016-07-10 22:09:28.087000,1.10522,1.10515,1000000,1000000
2016-07-10 22:09:31.359000,1.10521,1.10515,1000000,1000000
2016-07-10 22:09:33.466000,1.10522,1.10515,1000000,1000000
2016-07-10 22:09:39.483000,1.10521,1.10515,1000000,1000000
2016-07-10 22:09:41.369000,1.10520,1.10515,1000000,1000000
2016-07-10 22:09:41.875000,1.10521,1.10515,1000000,1000000
2016-07-10 22:09:42.469000,1.10520,1.10515,1000000,1000000
2016-07-10 22:09:42.876000,1.10522,1.10515,1000000,1000000
2016-07-10 22:09:44.869000,1.10521,1.10515,1000000,1000000
2016-07-10 22:09:47.982000,1.10521,1.10515,1000000,2250000
2016-07-10 22:09:52.391000,1.10522,1.10516,1000000,1000000
2016-07-10 22:09:54.697000,1.10521,1.10516,1000000,1000000
2016-07-10 22:09:58.096000,1.10523,1.10516,1000000,1000000
2016-07-10 22:10:02.867000,1.10521,1.10516,1000000,1000000
2016-07-10 22:10:03.377000,1.10522,1.10516,1000000,1000000
2016-07-10 22:10:05.984000,1.10521,1.10516,1000000,1000000
2016-07-10 22:10:08.787000,1.10522,1.10516,1000000,1000000
2016-07-10 22:10:23.662000,1.10521,1.10515,1000000,1000000
2016-07-10 22:10:23.967000,1.10516,1.10515,1000000,1000000
2016-07-10 22:10:25.125000,1.10514,1.10512,1000000,1000000
2016-07-10 22:10:25.176000,1.10514,1.10511,1000000,1000000
2016-07-10 22:10:25.278000,1.10514,1.10508,1000000,1000000
2016-07-10 22:10:25.817000,1.10514,1.10507,1000000,1000000
2016-07-10 22:10:25.868000,1.10512,1.10508,1000000,1000000
2016-07-10 22:10:25.970000,1.10514,1.10508,1000000,1000000
2016-07-10 22:10:26.477000,1.10514,1.10507,1100000,1000000
2016-07-10 22:10:26.987000,1.10511,1.10506,1500000,1000000
2016-07-10 22:10:27.393000,1.10511,1.10507,1000000,2620000
2016-07-10 22:10:27.596000,1.10517,1.10510,1000000,1500000
2016-07-10 22:10:28.113000,1.10517,1.10511,1000000,1000000
2016-07-10 22:10:28.240000,1.10519,1.10511,1000000,1000000
2016-07-10 22:10:28.291000,1.10521,1.10511,1000000,1000000
2016-07-10 22:10:37.396000,1.10520,1.10510,1000000,1500000
2016-07-10 22:10:40.479000,1.10521,1.10510,1500000,3000000
2016-07-10 22:10:41.013000,1.10521,1.10511,1500000,1000000
2016-07-10 22:10:48.047000,1.10521,1.10509,3000000,2250000
2016-07-10 22:10:49.576000,1.10519,1.10509,1000000,3000000
2016-07-10 22:10:49.628000,1.10518,1.10508,1000000,1500000
2016-07-10 22:10:50.186000,1.10518,1.10509,1000000,1500000
2016-07-10 22:10:50.390000,1.10517,1.10507,1370000,2320000
2016-07-10 22:10:50.668000,1.10516,1.10506,1000000,1500000
2016-07-10 22:10:51.125000,1.10516,1.10508,1000000,1500000
2016-07-10 22:10:51.177000,1.10516,1.10506,1000000,2250000
2016-07-10 22:10:51.685000,1.10516,1.10507,1000000,1000000
2016-07-10 22:10:52.698000,1.10516,1.10506,1500000,1120000
2016-07-10 22:10:52.952000,1.10517,1.10507,1500000,3000000
2016-07-10 22:10:53.156000,1.10516,1.10506,2250000,1000000
2016-07-10 22:10:53.461000,1.10517,1.10507,1500000,3000000
2016-07-10 22:10:53.613000,1.10517,1.10506,2250000,1870000
2016-07-10 22:10:54.338000,1.10516,1.10507,1000000,2250000
2016-07-10 22:10:54.846000,1.10516,1.10507,2250000,1000000
2016-07-10 22:10:55.533000,1.10513,1.10507,1000000,1000000
2016-07-10 22:10:55.686000,1.10511,1.10502,1000000,1000000
2016-07-10 22:10:55.839000,1.10510,1.10500,4500000,1650000
2016-07-10 22:10:56.350000,1.10510,1.10498,4500000,2250000
2016-07-10 22:10:56.859000,1.10510,1.10500,3000000,1500000
2016-07-10 22:10:57.012000,1.10508,1.10498,1000000,1500000
2016-07-10 22:10:57.530000,1.10508,1.10499,1000000,1500000
2016-07-10 22:10:58.037000,1.10508,1.10498,1870000,1370000
2016-07-10 22:10:58.565000,1.10507,1.10498,1000000,1000000
2016-07-10 22:10:58.973000,1.10506,1.10498,1370000,1000000
2016-07-10 22:10:59.227000,1.10507,1.10498,1000000,1500000
2016-07-10 22:10:59.735000,1.10506,1.10497,1000000,1000000
2016-07-10 22:10:59.941000,1.10506,1.10499,1000000,1500000
2016-07-10 22:11:00.146000,1.10506,1.10497,1000000,2250000
2016-07-10 22:11:00.653000,1.10506,1.10498,1000000,1000000
2016-07-10 22:11:01.212000,1.10509,1.10498,2250000,1870000
2016-07-10 22:11:01.263000,1.10509,1.10498,3000000,1870000
2016-07-10 22:11:01.950000,1.10507,1.10498,1000000,1500000
2016-07-10 22:11:02.458000,1.10507,1.10498,2250000,1000000
2016-07-10 22:11:02.915000,1.10509,1.10498,1500000,1500000
2016-07-10 22:11:02.966000,1.10508,1.10498,1370000,1500000
2016-07-10 22:11:03.479000,1.10507,1.10498,1500000,1000000
2016-07-10 22:11:03.632000,1.10508,1.10498,1500000,2250000
2016-07-10 22:11:03.886000,1.10508,1.10498,5250000,1000000
2016-07-10 22:11:04.038000,1.10507,1.10497,2250000,1500000
2016-07-10 22:11:04.555000,1.10507,1.10498,1000000,1500000
2016-07-10 22:11:04.810000,1.10505,1.10498,1000000,1000000
2016-07-10 22:11:05.319000,1.10507,1.10497,2250000,1000000
2016-07-10 22:11:05.625000,1.10505,1.10499,1000000,1000000
2016-07-10 22:11:06.127000,1.10506,1.10499,1000000,1000000
2016-07-10 22:11:06.331000,1.10506,1.10497,1000000,1000000
2016-07-10 22:11:06.433000,1.10506,1.10499,1000000,1000000
2016-07-10 22:11:06.550000,1.10508,1.10499,1000000,1000000
2016-07-10 22:11:07.058000,1.10507,1.10499,1000000,1500000
2016-07-10 22:11:07.770000,1.10509,1.10499,1000000,3000000
2016-07-10 22:11:07.894000,1.10508,1.10499,1370000,1870000
2016-07-10 22:11:08.454000,1.10508,1.10499,1000000,2250000
2016-07-10 22:11:08.997000,1.10509,1.10499,3000000,1500000
2016-07-10 22:11:09.758000,1.10508,1.10499,1000000,2250000
2016-07-10 22:11:10.419000,1.10508,1.10499,3000000,1500000
2016-07-10 22:11:10.978000,1.10508,1.10499,2250000,1500000
2016-07-10 22:11:11.486000,1.10508,1.10500,1000000,1500000
2016-07-10 22:11:11.639000,1.10507,1.10498,1000000,2250000
2016-07-10 22:11:11.963000,1.10509,1.10501,2250000,1500000
2016-07-10 22:11:12.014000,1.10508,1.10498,1500000,1870000
2016-07-10 22:11:12.215000,1.10507,1.10501,1000000,1500000
2016-07-10 22:11:12.317000,1.10508,1.10498,1500000,2620000
2016-07-10 22:11:12.521000,1.10509,1.10501,1750000,1500000
2016-07-10 22:11:12.724000,1.10508,1.10498,2250000,1130000
2016-07-10 22:11:13.033000,1.10509,1.10501,1750000,1500000
2016-07-10 22:11:13.135000,1.10508,1.10498,1500000,1120000
2016-07-10 22:11:13.338000,1.10507,1.10501,1000000,1500000
2016-07-10 22:11:13.439000,1.10508,1.10498,1500000,2620000
2016-07-10 22:11:13.744000,1.10508,1.10500,2250000,1500000
2016-07-10 22:11:13.956000,1.10507,1.10498,1000000,1000000
2016-07-10 22:11:14.262000,1.10508,1.10501,1000000,1500000
2016-07-10 22:11:14.415000,1.10509,1.10498,2250000,1880000
2016-07-10 22:11:14.618000,1.10508,1.10501,1000000,1500000
2016-07-10 22:11:14.824000,1.10508,1.10498,2250000,1880000
2016-07-10 22:11:15.028000,1.10508,1.10501,2250000,1500000
2016-07-10 22:11:15.262000,1.10508,1.10498,3000000,1000000
2016-07-10 22:11:15.567000,1.10508,1.10501,1500000,1500000
2016-07-10 22:11:15.720000,1.10508,1.10499,3000000,1000000
2016-07-10 22:11:15.873000,1.10507,1.10497,1000000,3000000
2016-07-10 22:11:16.127000,1.10507,1.10500,1000000,1500000
2016-07-10 22:11:16.229000,1.10507,1.10498,1000000,1000000
2016-07-10 22:11:16.534000,1.10507,1.10501,1000000,1500000
2016-07-10 22:11:16.635000,1.10507,1.10498,1000000,1000000
2016-07-10 22:11:16.839000,1.10509,1.10501,3000000,1500000
2016-07-10 22:11:16.946000,1.10508,1.10498,2250000,1120000
2016-07-10 22:11:17.151000,1.10507,1.10501,1000000,1500000
2016-07-10 22:11:17.253000,1.10509,1.10501,1000000,1500000
2016-07-10 22:11:17.456000,1.10508,1.10497,2250000,4130000
2016-07-10 22:11:17.659000,1.10508,1.10501,1000000,1500000
2016-07-10 22:11:17.763000,1.10508,1.10498,2250000,2250000
2016-07-10 22:11:17.946000,1.10507,1.10501,1000000,1500000
2016-07-10 22:11:18.051000,1.10508,1.10498,2250000,2620000
2016-07-10 22:11:18.355000,1.10508,1.10501,1000000,1500000
2016-07-10 22:11:18.457000,1.10508,1.10498,2250000,2250000
2016-07-10 22:11:18.961000,1.10508,1.10501,2250000,1500000
2016-07-10 22:11:19.063000,1.10508,1.10498,2250000,1000000
2016-07-10 22:11:19.266000,1.10509,1.10501,2250000,1500000
2016-07-10 22:11:19.469000,1.10509,1.10498,2250000,1130000
2016-07-10 22:11:19.775000,1.10509,1.10501,1000000,1500000
2016-07-10 22:11:19.858000,1.10508,1.10499,1000000,1000000
2016-07-10 22:11:20.061000,1.10507,1.10501,1000000,1500000
2016-07-10 22:11:20.175000,1.10509,1.10499,2250000,1500000
2016-07-10 22:11:20.302000,1.10506,1.10498,1370000,1000000
2016-07-10 22:11:20.506000,1.10507,1.10499,1000000,1500000
2016-07-10 22:11:20.557000,1.10507,1.10497,1000000,4500000
2016-07-10 22:11:20.761000,1.10508,1.10501,1000000,1500000
2016-07-10 22:11:20.964000,1.10508,1.10499,1000000,1000000
2016-07-10 22:11:21.117000,1.10507,1.10498,1500000,1000000
2016-07-10 22:11:21.574000,1.10507,1.10501,1000000,1500000
2016-07-10 22:11:21.675000,1.10507,1.10498,1500000,1000000
2016-07-10 22:11:21.840000,1.10508,1.10501,1500000,1500000
2016-07-10 22:11:21.891000,1.10508,1.10501,1000000,1500000
2016-07-10 22:11:21.942000,1.10508,1.10498,1500000,1000000
2016-07-10 22:11:22.145000,1.10507,1.10500,1000000,1500000
2016-07-10 22:11:22.349000,1.10507,1.10498,2250000,1120000
2016-07-10 22:11:22.552000,1.10508,1.10500,3000000,1500000
2016-07-10 22:11:22.654000,1.10507,1.10498,1000000,1000000
2016-07-10 22:11:22.959000,1.10509,1.10501,3000000,1500000
2016-07-10 22:11:23.061000,1.10508,1.10498,1500000,1500000
2016-07-10 22:11:23.264000,1.10507,1.10501,1000000,1500000
2016-07-10 22:11:23.471000,1.10507,1.10498,1000000,1000000
2016-07-10 22:11:23.674000,1.10509,1.10501,3000000,1500000
2016-07-10 22:11:23.879000,1.10507,1.10498,1000000,2250000
2016-07-10 22:11:24.031000,1.10508,1.10500,1500000,1500000
2016-07-10 22:11:24.186000,1.10507,1.10498,1000000,1000000
2016-07-10 22:11:24.338000,1.10509,1.10501,3000000,1500000
2016-07-10 22:11:24.440000,1.10508,1.10498,1000000,1500000
2016-07-10 22:11:24.847000,1.10508,1.10499,2250000,1500000
2016-07-10 22:11:25.103000,1.10509,1.10499,2250000,1000000
2016-07-10 22:11:25.610000,1.10507,1.10498,1000000,1000000
2016-07-10 22:11:26.168000,1.10508,1.10499,2250000,1000000
2016-07-10 22:11:26.493000,1.10508,1.10497,2250000,1120000
2016-07-10 22:11:26.646000,1.10508,1.10501,1000000,1500000
2016-07-10 22:11:26.748000,1.10508,1.10498,2250000,1120000
2016-07-10 22:11:27.256000,1.10507,1.10498,1000000,1000000
2016-07-10 22:11:27.840000,1.10508,1.10498,1000000,3000000
2016-07-10 22:11:28.253000,1.10510,1.10501,3750000,1000000
2016-07-10 22:11:28.407000,1.10512,1.10502,1500000,1000000
2016-07-10 22:11:28.459000,1.10511,1.10500,1370000,2250000
2016-07-10 22:11:28.511000,1.10510,1.10500,1000000,2250000
2016-07-10 22:11:36.675000,1.10512,1.10500,2250000,2250000
2016-07-10 22:11:37.182000,1.10511,1.10501,1120000,1500000
2016-07-10 22:11:37.335000,1.10510,1.10500,1000000,2250000
2016-07-10 22:11:38.590000,1.10510,1.10501,1000000,1000000
2016-07-10 22:11:38.743000,1.10512,1.10501,1120000,1500000
2016-07-10 22:11:38.947000,1.10511,1.10501,2250000,1000000
2016-07-10 22:11:39.456000,1.10511,1.10500,3000000,1870000
2016-07-10 22:11:40.778000,1.10511,1.10500,1500000,3750000
2016-07-10 22:11:41.294000,1.10511,1.10501,1500000,1000000
2016-07-10 22:11:41.803000,1.10510,1.10500,1000000,3000000
2016-07-10 22:11:42.057000,1.10513,1.10500,1120000,3000000
2016-07-10 22:11:42.566000,1.10513,1.10499,1870000,1870000
2016-07-10 22:11:42.972000,1.10511,1.10499,1000000,1000000
2016-07-10 22:11:43.226000,1.10513,1.10500,2250000,1000000
2016-07-10 22:11:44.393000,1.10511,1.10498,1000000,2250000
2016-07-10 22:11:44.698000,1.10509,1.10497,2620000,1000000
2016-07-10 22:11:45.054000,1.10510,1.10498,1000000,1500000
2016-07-10 22:11:45.564000,1.10509,1.10498,1000000,1500000
2016-07-10 22:11:45.717000,1.10509,1.10496,1870000,2250000
2016-07-10 22:11:46.225000,1.10510,1.10497,3750000,2250000
2016-07-10 22:11:46.733000,1.10509,1.10496,3000000,1500000
2016-07-10 22:11:46.784000,1.10509,1.10498,3750000,1000000
2016-07-10 22:11:46.938000,1.10511,1.10498,1500000,2250000
2016-07-10 22:11:47.296000,1.10509,1.10496,1000000,3000000
2016-07-10 22:11:47.601000,1.10509,1.10499,1370000,1500000
2016-07-10 22:11:47.652000,1.10510,1.10499,1000000,1500000
2016-07-10 22:11:47.703000,1.10509,1.10497,1000000,4430000
2016-07-10 22:11:47.907000,1.10510,1.10499,1870000,1500000
2016-07-10 22:11:48.010000,1.10512,1.10499,1500000,1500000
2016-07-10 22:11:48.113000,1.10510,1.10498,1000000,1000000
2016-07-10 22:11:48.519000,1.10509,1.10496,2620000,1500000
2016-07-10 22:11:48.621000,1.10510,1.10498,2250000,1500000
2016-07-10 22:11:49.130000,1.10510,1.10497,1500000,1000000
2016-07-10 22:11:49.638000,1.10511,1.10500,1000000,1500000
2016-07-10 22:11:49.740000,1.10510,1.10498,1000000,1500000
2016-07-10 22:11:49.964000,1.10509,1.10500,1000000,1500000
2016-07-10 22:11:50.168000,1.10511,1.10499,1000000,1000000
2016-07-10 22:11:50.372000,1.10513,1.10500,1120000,1500000
2016-07-10 22:11:50.677000,1.10512,1.10500,1870000,1500000
2016-07-10 22:11:50.728000,1.10511,1.10496,1120000,1870000
2016-07-10 22:11:50.779000,1.10509,1.10496,1120000,2250000
2016-07-10 22:11:51.136000,1.10509,1.10498,1000000,1500000
2016-07-10 22:11:51.238000,1.10511,1.10498,1000000,1000000
2016-07-10 22:11:51.746000,1.10512,1.10499,1500000,2250000
2016-07-10 22:11:51.797000,1.10510,1.10499,1000000,2250000
2016-07-10 22:11:51.848000,1.10510,1.10497,1000000,4050000
2016-07-10 22:11:52.001000,1.10509,1.10496,1370000,1500000
2016-07-10 22:11:52.407000,1.10509,1.10498,1370000,1500000
2016-07-10 22:11:52.509000,1.10510,1.10496,1120000,4800000
2016-07-10 22:11:52.814000,1.10511,1.10499,1500000,1500000
2016-07-10 22:11:52.916000,1.10511,1.10497,3000000,1500000
2016-07-10 22:11:52.991000,1.10509,1.10495,1370000,4120000
2016-07-10 22:11:53.349000,1.10508,1.10497,1000000,1000000
2016-07-10 22:11:53.451000,1.10511,1.10499,1500000,1500000
2016-07-10 22:11:53.553000,1.10510,1.10496,1000000,4050000
2016-07-10 22:11:53.705000,1.10511,1.10499,2250000,1500000
2016-07-10 22:11:53.859000,1.10511,1.10497,1000000,4430000
2016-07-10 22:11:53.910000,1.10510,1.10497,1370000,5170000
2016-07-10 22:11:54.418000,1.10510,1.10500,1500000,1500000
2016-07-10 22:11:54.520000,1.10510,1.10497,1500000,4050000
2016-07-10 22:11:54.809000,1.10510,1.10499,1000000,1500000
2016-07-10 22:11:54.911000,1.10511,1.10497,2250000,1200000
2016-07-10 22:11:55.115000,1.10511,1.10499,1120000,1000000
2016-07-10 22:11:55.217000,1.10513,1.10499,1870000,1120000
2016-07-10 22:11:55.930000,1.10511,1.10499,1000000,1000000
2016-07-10 22:11:56.251000,1.10513,1.10500,1500000,1000000
2016-07-10 22:11:56.658000,1.10512,1.10497,1120000,3520000
2016-07-10 22:11:56.811000,1.10513,1.10499,3000000,1000000
2016-07-10 22:11:57.320000,1.10510,1.10499,1000000,1000000
2016-07-10 22:11:57.371000,1.10510,1.10497,1000000,3300000
2016-07-10 22:11:57.474000,1.10510,1.10499,1000000,1000000
2016-07-10 22:11:57.576000,1.10515,1.10500,2250000,3600000
2016-07-10 22:11:57.730000,1.10514,1.10499,1870000,1500000
2016-07-10 22:11:57.985000,1.10512,1.10499,1000000,1000000
2016-07-10 22:11:58.240000,1.10514,1.10499,1000000,1120000
2016-07-10 22:11:58.394000,1.10512,1.10499,1000000,1000000
2016-07-10 22:11:58.597000,1.10514,1.10499,1120000,1870000
2016-07-10 22:11:58.648000,1.10510,1.10498,1000000,2250000
2016-07-10 22:11:58.984000,1.10514,1.10499,2250000,2250000
2016-07-10 22:11:59.137000,1.10511,1.10499,1500000,1500000
2016-07-10 22:11:59.290000,1.10510,1.10497,1120000,1500000
2016-07-10 22:11:59.443000,1.10509,1.10496,1500000,1500000
2016-07-10 22:11:59.900000,1.10508,1.10494,1000000,1500000
2016-07-10 22:12:00.205000,1.10507,1.10492,1500000,2850000
2016-07-10 22:12:02.176000,1.10507,1.10494,1000000,1000000
2016-07-10 22:12:02.278000,1.10509,1.10495,1000000,1000000
2016-07-10 22:12:02.431000,1.10509,1.10496,1000000,1370000
2016-07-10 22:12:03.174000,1.10509,1.10494,2250000,2250000
2016-07-10 22:12:03.682000,1.10509,1.10494,2250000,1500000
2016-07-10 22:12:17.770000,1.10509,1.10494,1500000,1500000
2016-07-10 22:12:18.367000,1.10509,1.10494,1500000,1500000
2016-07-10 22:12:24.059000,1.10509,1.10494,1500000,1500000
2016-07-10 22:12:24.571000,1.10509,1.10494,1500000,1500000
2016-07-10 22:12:25.056000,1.10509,1.10494,1500000,1500000
2016-07-10 22:12:25.627000,1.10509,1.10494,1500000,1500000
2016-07-10 22:12:28.649000,1.10509,1.10494,1500000,1000000
2016-07-10 22:12:29.161000,1.10509,1.10494,1500000,1000000
2016-07-10 22:12:29.691000,1.10509,1.10494,1500000,1000000
2016-07-10 22:12:30.214000,1.10509,1.10494,1500000,1000000
2016-07-10 22:12:32.496000,1.10509,1.10494,1500000,1000000
2016-07-10 22:12:48.065000,1.10508,1.10493,1000000,3750000
2016-07-10 22:12:57.324000,1.10508,1.10493,1130000,2250000
2016-07-10 22:12:57.835000,1.10509,1.10494,1880000,3370000
2016-07-10 22:12:58.366000,1.10510,1.10495,3000000,1000000
2016-07-10 22:12:58.927000,1.10511,1.10496,1880000,1000000
2016-07-10 22:13:03.412000,1.10510,1.10494,5250000,1870000
2016-07-10 22:13:14.334000,1.10510,1.10494,5250000,1870000
2016-07-10 22:13:14.691000,1.10508,1.10493,1000000,3000000
2016-07-10 22:13:23.807000,1.10508,1.10497,1000000,1000000
2016-07-10 22:13:24.218000,1.10508,1.10495,1000000,3000000
2016-07-10 22:13:24.577000,1.10512,1.10496,3750000,1520000
2016-07-10 22:13:24.629000,1.10512,1.10497,1500000,1350000
2016-07-10 22:13:27.771000,1.10512,1.10497,1870000,1720000
2016-07-10 22:13:30.427000,1.10512,1.10496,3000000,1720000
2016-07-10 22:13:30.935000,1.10512,1.10498,1000000,1000000
2016-07-10 22:13:31.233000,1.10511,1.10500,1000000,1000000
2016-07-10 22:13:31.538000,1.10509,1.10500,1500000,3000000
2016-07-10 22:13:32.075000,1.10510,1.10501,2250000,1500000
2016-07-10 22:13:32.621000,1.10510,1.10499,1000000,3670000
2016-07-10 22:13:32.723000,1.10509,1.10496,1000000,2850000
2016-07-10 22:13:32.825000,1.10512,1.10497,1000000,1350000
2016-07-10 22:13:40.952000,1.10513,1.10498,1500000,1000000
2016-07-10 22:13:47.998000,1.10513,1.10497,3000000,1670000
2016-07-10 22:13:48.507000,1.10512,1.10497,1000000,1350000
2016-07-10 22:14:01.094000,1.10509,1.10498,1120000,2250000
2016-07-10 22:14:01.435000,1.10509,1.10500,1000000,1000000
2016-07-10 22:14:02.243000,1.10509,1.10499,1000000,4500000
2016-07-10 22:14:02.294000,1.10512,1.10499,1000000,2250000
2016-07-10 22:14:02.447000,1.10514,1.10500,1500000,1500000
2016-07-10 22:14:02.904000,1.10513,1.10500,1370000,1500000
2016-07-10 22:14:02.993000,1.10512,1.10497,1000000,2100000
2016-07-10 22:14:07.625000,1.10514,1.10497,3750000,2850000
2016-07-10 22:14:08.139000,1.10512,1.10497,1000000,2100000
2016-07-10 22:14:08.849000,1.10512,1.10498,1000000,1000000
2016-07-10 22:14:09.357000,1.10512,1.10499,1000000,1000000
2016-07-10 22:14:10.111000,1.10514,1.10499,2250000,1000000
2016-07-10 22:14:16.497000,1.10514,1.10500,1000000,1000000
2016-07-10 22:14:16.999000,1.10514,1.10499,1000000,1500000
2016-07-10 22:14:20.274000,1.10514,1.10498,2250000,1870000
2016-07-10 22:14:40.395000,1.10513,1.10497,3000000,1670000
2016-07-10 22:14:40.903000,1.10512,1.10497,1000000,1350000
2016-07-10 22:14:42.386000,1.10513,1.10497,1500000,2850000
2016-07-10 22:14:42.893000,1.10513,1.10498,1500000,1000000
2016-07-10 22:14:43.402000,1.10512,1.10497,1370000,1370000
2016-07-10 22:14:43.503000,1.10511,1.10496,1000000,1500000
2016-07-10 22:14:47.895000,1.10512,1.10495,3750000,3750000
2016-07-10 22:14:48.403000,1.10512,1.10497,1500000,1000000
2016-07-10 22:15:11.305000,1.10512,1.10499,1500000,1000000
2016-07-10 22:15:11.989000,1.10512,1.10500,1500000,1500000
2016-07-10 22:15:13.223000,1.10512,1.10499,1500000,1500000
2016-07-10 22:15:13.564000,1.10512,1.10501,1500000,1000000
2016-07-10 22:15:15.976000,1.10512,1.10508,1500000,1500000
2016-07-10 22:15:16.282000,1.10521,1.10520,1000000,1500000
2016-07-10 22:15:16.537000,1.10513,1.10510,3000000,1000000
2016-07-10 22:15:16.588000,1.10515,1.10512,3000000,1870000
2016-07-10 22:15:17.140000,1.10520,1.10515,6750000,1000000
2016-07-10 22:15:17.344000,1.10525,1.10521,1000000,3000000
2016-07-10 22:15:17.395000,1.10526,1.10524,1000000,1000000
2016-07-10 22:15:17.715000,1.10528,1.10524,1000000,3000000
2016-07-10 22:15:18.891000,1.10530,1.10526,1000000,1000000
2016-07-10 22:15:19.482000,1.10526,1.10524,1000000,1000000
2016-07-10 22:15:19.725000,1.10533,1.10529,1500000,1000000
2016-07-10 22:15:19.886000,1.10534,1.10529,750000,1000000
2016-07-10 22:15:24.228000,1.10534,1.10527,750000,1870000
2016-07-10 22:15:24.350000,1.10535,1.10529,750000,1200000
2016-07-10 22:15:25.509000,1.10533,1.10529,1000000,1000000
2016-07-10 22:15:25.662000,1.10534,1.10529,1000000,1000000
2016-07-10 22:15:26.003000,1.10534,1.10527,750000,1870000
2016-07-10 22:15:26.054000,1.10535,1.10530,750000,1450000
2016-07-10 22:15:26.591000,1.10530,1.10526,1000000,1200000
2016-07-10 22:15:26.794000,1.10532,1.10527,1000000,1120000
2016-07-10 22:15:27.573000,1.10530,1.10524,1000000,3370000
2016-07-10 22:15:35.488000,1.10530,1.10524,1000000,1950000
2016-07-10 22:15:36.144000,1.10530,1.10524,1000000,2400000
2016-07-10 22:15:38.415000,1.10530,1.10520,5250000,3000000
2016-07-10 22:15:38.514000,1.10530,1.10525,1000000,1200000
2016-07-10 22:15:41.076000,1.10530,1.10525,1000000,1350000
2016-07-10 22:15:41.724000,1.10530,1.10525,1000000,1450000
2016-07-10 22:15:42.238000,1.10530,1.10525,1000000,1300000
2016-07-10 22:15:48.794000,1.10541,1.10526,6000000,1600000
2016-07-10 22:15:53.903000,1.10540,1.10526,1000000,1600000
2016-07-10 22:15:54.483000,1.10541,1.10527,3000000,1350000
2016-07-10 22:15:54.636000,1.10543,1.10528,1000000,1000000
2016-07-10 22:15:58.593000,1.10544,1.10529,1500000,1000000
2016-07-10 22:15:59.202000,1.10542,1.10527,1000000,1350000
2016-07-10 22:15:59.710000,1.10541,1.10526,1500000,1350000
2016-07-10 22:16:01.602000,1.10541,1.10528,1500000,1000000
2016-07-10 22:16:02.143000,1.10541,1.10526,2250000,1350000
2016-07-10 22:16:04.515000,1.10541,1.10528,1000000,1000000
2016-07-10 22:16:04.567000,1.10543,1.10528,4500000,1000000
2016-07-10 22:16:04.719000,1.10544,1.10530,2250000,1000000
2016-07-10 22:16:04.822000,1.10543,1.10528,1500000,1000000
2016-07-10 22:16:05.939000,1.10541,1.10527,1000000,1350000
2016-07-10 22:16:06.144000,1.10538,1.10523,1000000,1000000
2016-07-10 22:16:06.707000,1.10538,1.10522,4120000,3000000
2016-07-10 22:16:07.597000,1.10538,1.10522,5250000,2250000
2016-07-10 22:16:08.100000,1.10537,1.10522,1000000,1870000
2016-07-10 22:16:09.701000,1.10538,1.10522,4500000,1870000
2016-07-10 22:16:10.248000,1.10537,1.10522,1000000,2250000
2016-07-10 22:16:11.431000,1.10535,1.10522,1000000,1500000
2016-07-10 22:16:11.738000,1.10535,1.10522,3750000,1100000
2016-07-10 22:16:15.556000,1.10532,1.10517,1120000,1820000
2016-07-10 22:16:15.659000,1.10532,1.10517,1120000,1870000
2016-07-10 22:16:16.167000,1.10532,1.10518,1500000,1000000
2016-07-10 22:16:16.705000,1.10533,1.10518,2250000,1000000
2016-07-10 22:16:17.258000,1.10533,1.10518,1120000,2250000
2016-07-10 22:16:17.665000,1.10532,1.10517,1500000,2250000
2016-07-10 22:16:18.511000,1.10532,1.10518,1500000,1000000
2016-07-10 22:16:22.753000,1.10533,1.10518,1870000,2250000
2016-07-10 22:16:23.160000,1.10533,1.10517,3750000,1870000
2016-07-10 22:16:24.076000,1.10533,1.10518,1870000,1870000
2016-07-10 22:16:24.585000,1.10533,1.10518,4500000,1000000
2016-07-10 22:16:27.993000,1.10533,1.10517,6000000,2250000
2016-07-10 22:16:28.500000,1.10532,1.10517,1000000,2250000
2016-07-10 22:16:45.410000,1.10532,1.10519,2250000,1000000
2016-07-10 22:16:50.503000,1.10532,1.10518,1500000,1120000
2016-07-10 22:17:02.915000,1.10533,1.10519,3000000,1000000
2016-07-10 22:17:03.462000,1.10534,1.10519,3000000,1000000
2016-07-10 22:17:04.007000,1.10534,1.10519,1000000,1950000
2016-07-10 22:17:04.159000,1.10535,1.10519,1120000,2250000
2016-07-10 22:17:05.239000,1.10535,1.10519,1120000,1950000
2016-07-10 22:17:05.747000,1.10535,1.10520,1120000,1420000
2016-07-10 22:17:06.255000,1.10535,1.10520,1120000,1870000
2016-07-10 22:17:09.964000,1.10536,1.10521,2250000,1350000
2016-07-10 22:17:21.749000,1.10535,1.10521,1000000,1600000
2016-07-10 22:17:23.265000,1.10537,1.10523,4500000,1000000
2016-07-10 22:17:23.772000,1.10536,1.10522,1000000,1500000
2016-07-10 22:17:24.677000,1.10537,1.10522,1370000,1500000
2016-07-10 22:17:24.779000,1.10538,1.10523,1500000,1000000
2016-07-10 22:17:48.034000,1.10538,1.10523,1120000,2250000
2016-07-10 22:17:55.919000,1.10539,1.10524,1000000,1350000
2016-07-10 22:17:56.022000,1.10540,1.10526,3750000,1150000
2016-07-10 22:17:56.226000,1.10538,1.10523,2250000,1000000
2016-07-10 22:17:56.824000,1.10537,1.10522,1000000,2250000
2016-07-10 22:17:58.327000,1.10538,1.10523,1500000,1000000
2016-07-10 22:18:01.334000,1.10539,1.10525,3000000,1200000
2016-07-10 22:18:01.843000,1.10540,1.10523,6000000,2250000
2016-07-10 22:18:05.538000,1.10539,1.10523,1120000,2550000
2016-07-10 22:18:05.843000,1.10539,1.10524,1870000,1270000
2016-07-10 22:18:06.250000,1.10538,1.10523,1500000,1200000
2016-07-10 22:18:06.787000,1.10537,1.10522,1120000,2620000
2016-07-10 22:18:07.696000,1.10538,1.10523,1500000,1150000
2016-07-10 22:18:07.849000,1.10539,1.10524,3750000,1950000
2016-07-10 22:18:08.688000,1.10538,1.10524,1000000,1950000
2016-07-10 22:18:08.790000,1.10538,1.10523,1120000,1500000
2016-07-10 22:18:08.892000,1.10540,1.10525,1750000,1950000
2016-07-10 22:18:09.045000,1.10540,1.10524,1120000,2250000
2016-07-10 22:18:09.586000,1.10540,1.10525,1500000,1000000
2016-07-10 22:18:12.396000,1.10540,1.10525,1500000,1150000
2016-07-10 22:18:12.715000,1.10537,1.10524,1120000,1370000
2016-07-10 22:18:13.273000,1.10537,1.10524,1500000,1000000
2016-07-10 22:18:13.780000,1.10538,1.10524,1370000,1370000
2016-07-10 22:18:14.348000,1.10537,1.10524,1000000,1000000
2016-07-10 22:18:14.893000,1.10537,1.10523,1000000,1500000
2016-07-10 22:18:17.215000,1.10537,1.10524,1000000,1120000
2016-07-10 22:18:23.062000,1.10538,1.10524,1000000,2250000
2016-07-10 22:18:23.644000,1.10539,1.10524,1000000,2250000
2016-07-10 22:18:24.049000,1.10539,1.10524,1000000,2550000
2016-07-10 22:18:24.613000,1.10540,1.10526,1000000,1000000
2016-07-10 22:18:25.150000,1.10540,1.10526,1000000,1150000
2016-07-10 22:18:26.635000,1.10541,1.10526,2250000,1950000
