time,ask,bid,ask_volume,bid_volume
2016-06-05 21:00:16.029000,1.13587,1.13533,750000,750000
2016-06-05 21:00:16.080000,1.13587,1.13517,1500000,1500000
2016-06-05 21:00:23.238000,1.13587,1.13530,750000,750000
2016-06-05 21:00:23.290000,1.13590,1.13530,1500000,1500000
2016-06-05 21:00:26.542000,1.13588,1.13533,750000,750000
2016-06-05 21:00:34.139000,1.13588,1.13534,1500000,750000
2016-06-05 21:00:44.305000,1.13587,1.13534,750000,750000
2016-06-05 21:00:45.968000,1.13587,1.13537,1500000,750000
2016-06-05 21:01:08.302000,1.13587,1.13538,1500000,750000
2016-06-05 21:01:09.727000,1.13587,1.13540,1500000,750000
2016-06-05 21:01:13.660000,1.13587,1.13538,1500000,750000
2016-06-05 21:01:14.262000,1.13587,1.13537,1500000,750000
2016-06-05 21:01:15.563000,1.13587,1.13539,1500000,750000
2016-06-05 21:01:19.832000,1.13587,1.13538,1500000,750000
2016-06-05 21:01:19.969000,1.13587,1.13536,1500000,750000
2016-06-05 21:01:24.837000,1.13587,1.13538,1500000,750000
2016-06-05 21:01:34.519000,1.13575,1.13538,370000,750000
2016-06-05 21:01:39.888000,1.13575,1.13533,370000,1500000
2016-06-05 21:01:40.096000,1.13575,1.13535,370000,750000
2016-06-05 21:01:40.425000,1.13575,1.13538,370000,750000
2016-06-05 21:01:45.621000,1.13575,1.13535,370000,750000
2016-06-05 21:01:46.121000,1.13575,1.13537,370000,750000
2016-06-05 21:01:46.852000,1.13575,1.13538,370000,750000
2016-06-05 21:01:47.505000,1.13576,1.13538,370000,750000
2016-06-05 21:01:50.308000,1.13575,1.13538,370000,750000
2016-06-05 21:01:50.726000,1.13575,1.13534,370000,750000
2016-06-05 21:02:01.276000,1.13575,1.13538,370000,750000
2016-06-05 21:02:03.027000,1.13576,1.13538,370000,1500000
2016-06-05 21:02:03.128000,1.13580,1.13538,370000,750000
2016-06-05 21:02:03.229000,1.13575,1.13538,370000,750000
2016-06-05 21:02:03.532000,1.13581,1.13538,370000,3000000
2016-06-05 21:02:03.733000,1.13586,1.13538,370000,3000000
2016-06-05 21:02:04.274000,1.13585,1.13538,370000,3000000
2016-06-05 21:02:04.666000,1.13585,1.13544,370000,750000
2016-06-05 21:02:08.965000,1.13586,1.13544,370000,750000
2016-06-05 21:02:09.792000,1.13586,1.13553,370000,750000
2016-06-05 21:02:09.958000,1.13590,1.13554,370000,750000
2016-06-05 21:02:21.161000,1.13590,1.13553,370000,750000
2016-06-05 21:02:54.016000,1.13591,1.13553,370000,750000
2016-06-05 21:02:58.410000,1.13590,1.13553,370000,750000
2016-06-05 21:03:15.927000,1.13591,1.13553,370000,750000
2016-06-05 21:03:16.508000,1.13590,1.13553,370000,750000
2016-06-05 21:03:21.500000,1.13571,1.13553,370000,750000
2016-06-05 21:03:21.821000,1.13571,1.13555,370000,750000
2016-06-05 21:03:24.483000,1.13572,1.13555,750000,750000
2016-06-05 21:03:33.821000,1.13572,1.13556,750000,750000
2016-06-05 21:03:34.368000,1.13572,1.13557,750000,750000
2016-06-05 21:03:40.825000,1.13574,1.13557,370000,750000
2016-06-05 21:03:45.618000,1.13574,1.13556,370000,1500000
2016-06-05 21:03:53.030000,1.13574,1.13555,370000,750000
2016-06-05 21:03:53.754000,1.13574,1.13556,370000,750000
2016-06-05 21:04:02.855000,1.13575,1.13555,3370000,1000000
2016-06-05 21:04:03.495000,1.13575,1.13556,3370000,1000000
2016-06-05 21:04:08.895000,1.13573,1.13556,1190000,1000000
2016-06-05 21:04:22.670000,1.13575,1.13558,2620000,1250000
2016-06-05 21:04:24.610000,1.13576,1.13558,2620000,1690000
2016-06-05 21:04:27.080000,1.13576,1.13558,2620000,1690000
2016-06-05 21:04:27.690000,1.13576,1.13559,1870000,1000000
2016-06-05 21:04:29.630000,1.13576,1.13558,1870000,1690000
2016-06-05 21:04:43.983000,1.13578,1.13572,1370000,1000000
2016-06-05 21:04:44.084000,1.13588,1.13575,1870000,1250000
2016-06-05 21:04:44.185000,1.13588,1.13575,1500000,1250000
2016-06-05 21:04:44.236000,1.13597,1.13580,1870000,1000000
2016-06-05 21:04:44.287000,1.13593,1.13580,1500000,1000000
2016-06-05 21:04:44.338000,1.13593,1.13575,1500000,1000000
2016-06-05 21:04:44.400000,1.13595,1.13575,1000000,1000000
2016-06-05 21:04:44.451000,1.13594,1.13565,1000000,1620000
2016-06-05 21:04:44.501000,1.13594,1.13575,1000000,1000000
2016-06-05 21:04:44.657000,1.13600,1.13576,1370000,1000000
2016-06-05 21:04:44.708000,1.13600,1.13573,1370000,1690000
2016-06-05 21:04:46.441000,1.13600,1.13573,1000000,1690000
2016-06-05 21:04:46.492000,1.13597,1.13573,1500000,1190000
2016-06-05 21:04:46.543000,1.13597,1.13556,1500000,1690000
2016-06-05 21:04:52.674000,1.13597,1.13556,1500000,1000000
2016-06-05 21:05:15.550000,1.13597,1.13556,1500000,1690000
2016-06-05 21:05:24.256000,1.13597,1.13560,1500000,1000000
2016-06-05 21:05:24.860000,1.13599,1.13560,1500000,1000000
2016-06-05 21:05:25.361000,1.13600,1.13560,1870000,1000000
2016-06-05 21:05:26.465000,1.13600,1.13562,1500000,1190000
2016-06-05 21:05:27.121000,1.13600,1.13563,1500000,1190000
2016-06-05 21:05:36.195000,1.13602,1.13563,1500000,1190000
2016-06-05 21:05:36.471000,1.13601,1.13561,1000000,1190000
2016-06-05 21:05:36.572000,1.13602,1.13564,1000000,1190000
2016-06-05 21:05:36.875000,1.13602,1.13568,1500000,1190000
2016-06-05 21:05:37.882000,1.13602,1.13564,1500000,1690000
2016-06-05 21:05:38.364000,1.13602,1.13568,1000000,1250000
2016-06-05 21:05:38.791000,1.13602,1.13564,1000000,1190000
2016-06-05 21:05:41.180000,1.13602,1.13567,1500000,1250000
2016-06-05 21:05:41.332000,1.13601,1.13562,1500000,1250000
2016-06-05 21:05:41.433000,1.13601,1.13564,1500000,1190000
2016-06-05 21:05:41.791000,1.13601,1.13567,1500000,1250000
2016-06-05 21:05:41.995000,1.13601,1.13563,1500000,1250000
2016-06-05 21:05:43.612000,1.13601,1.13567,1500000,1250000
2016-06-05 21:05:52.071000,1.13601,1.13564,1500000,1190000
2016-06-05 21:05:52.528000,1.13599,1.13571,1500000,1190000
2016-06-05 21:06:02.223000,1.13598,1.13569,1000000,1690000
2016-06-05 21:06:08.903000,1.13599,1.13571,1500000,1190000
2016-06-05 21:06:09.679000,1.13599,1.13573,1500000,1190000
2016-06-05 21:06:11.338000,1.13599,1.13571,1500000,1690000
2016-06-05 21:06:11.541000,1.13599,1.13569,1500000,1190000
2016-06-05 21:06:11.959000,1.13601,1.13569,1000000,1190000
2016-06-05 21:06:12.061000,1.13608,1.13569,1500000,1190000
2016-06-05 21:06:16.160000,1.13608,1.13572,1500000,1190000
2016-06-05 21:06:16.968000,1.13608,1.13570,1500000,1190000
2016-06-05 21:06:18.392000,1.13608,1.13572,1500000,1190000
2016-06-05 21:06:23.116000,1.13608,1.13570,1500000,1190000
2016-06-05 21:06:23.167000,1.13610,1.13570,1500000,1190000
2016-06-05 21:06:23.332000,1.13610,1.13575,2250000,1250000
2016-06-05 21:06:23.457000,1.13610,1.13570,2250000,1190000
2016-06-05 21:06:24.254000,1.13609,1.13570,1000000,1190000
2016-06-05 21:06:38.240000,1.13610,1.13585,2250000,750000
2016-06-05 21:06:38.754000,1.13610,1.13585,1500000,2440000
2016-06-05 21:06:53.140000,1.13610,1.13585,1500000,1500000
2016-06-05 21:07:04.331000,1.13609,1.13584,1000000,3560000
2016-06-05 21:07:19.951000,1.13607,1.13585,1000000,1000000
2016-06-05 21:07:20.314000,1.13607,1.13585,1720000,1500000
2016-06-05 21:07:25.615000,1.13609,1.13584,1220000,1250000
2016-06-05 21:07:26.116000,1.13606,1.13579,1720000,1190000
2016-06-05 21:07:26.167000,1.13606,1.13578,1720000,1690000
2016-06-05 21:07:26.268000,1.13606,1.13579,1720000,1190000
2016-06-05 21:07:26.370000,1.13606,1.13577,1720000,1190000
2016-06-05 21:07:28.135000,1.13606,1.13574,1220000,1000000
2016-06-05 21:07:28.761000,1.13606,1.13573,1220000,1250000
2016-06-05 21:07:30.202000,1.13606,1.13574,1220000,1000000
2016-06-05 21:07:30.253000,1.13606,1.13576,1220000,1190000
2016-06-05 21:07:34.432000,1.13607,1.13579,1220000,1690000
2016-06-05 21:07:41.429000,1.13607,1.13579,1220000,1250000
2016-06-05 21:07:41.985000,1.13605,1.13576,1720000,1690000
2016-06-05 21:08:06.331000,1.13606,1.13579,1720000,2440000
2016-06-05 21:08:07.104000,1.13605,1.13579,1220000,1690000
2016-06-05 21:08:07.743000,1.13605,1.13576,1720000,1690000
2016-06-05 21:08:07.946000,1.13605,1.13576,1720000,1250000
2016-06-05 21:08:09.196000,1.13605,1.13579,1720000,1000000
2016-06-05 21:08:09.485000,1.13605,1.13577,1720000,1000000
2016-06-05 21:08:36.030000,1.13607,1.13578,1720000,1000000
2016-06-05 21:08:37.994000,1.13607,1.13583,1220000,1500000
2016-06-05 21:08:38.327000,1.13607,1.13585,1720000,2250000
2016-06-05 21:09:04.205000,1.13607,1.13586,1220000,1000000
2016-06-05 21:09:06.166000,1.13603,1.13586,1910000,1000000
2016-06-05 21:09:06.469000,1.13597,1.13587,1000000,1000000
2016-06-05 21:09:12.124000,1.13603,1.13586,1220000,1000000
2016-06-05 21:09:12.327000,1.13598,1.13588,1000000,1000000
2016-06-05 21:09:18.852000,1.13605,1.13586,1720000,1000000
2016-06-05 21:09:21.215000,1.13609,1.13589,1720000,1000000
2016-06-05 21:09:21.518000,1.13603,1.13593,1220000,1000000
2016-06-05 21:09:25.862000,1.13602,1.13592,1220000,1000000
2016-06-05 21:09:26.371000,1.13603,1.13591,970000,1000000
2016-06-05 21:09:26.877000,1.13602,1.13592,970000,1000000
2016-06-05 21:09:42.080000,1.13606,1.13596,1220000,1000000
2016-06-05 21:09:42.232000,1.13610,1.13600,1000000,1000000
2016-06-05 21:09:47.874000,1.13611,1.13601,1250000,1000000
2016-06-05 21:09:48.076000,1.13614,1.13610,1000000,1250000
2016-06-05 21:09:48.128000,1.13618,1.13612,1000000,1000000
2016-06-05 21:09:48.180000,1.13621,1.13615,750000,1000000
2016-06-05 21:09:48.231000,1.13632,1.13616,1250000,1000000
2016-06-05 21:09:48.447000,1.13632,1.13612,1690000,1190000
2016-06-05 21:09:48.768000,1.13630,1.13612,1000000,1190000
2016-06-05 21:09:48.870000,1.13632,1.13612,1690000,1190000
2016-06-05 21:09:52.577000,1.13620,1.13611,1000000,2250000
2016-06-05 21:09:53.087000,1.13620,1.13610,1000000,2440000
2016-06-05 21:09:57.273000,1.13619,1.13610,1000000,1250000
2016-06-05 21:09:57.405000,1.13621,1.13601,1000000,1000000
2016-06-05 21:09:57.935000,1.13621,1.13600,1000000,1690000
2016-06-05 21:09:58.473000,1.13621,1.13601,1000000,1000000
2016-06-05 21:10:00.491000,1.13621,1.13599,1000000,1190000
2016-06-05 21:10:00.643000,1.13625,1.13601,1000000,1500000
2016-06-05 21:10:00.702000,1.13627,1.13601,1000000,2250000
2016-06-05 21:10:01.005000,1.13628,1.13605,1000000,1000000
2016-06-05 21:10:01.327000,1.13630,1.13607,2250000,2250000
2016-06-05 21:10:01.631000,1.13632,1.13609,1000000,1000000
2016-06-05 21:10:01.682000,1.13632,1.13607,1000000,2250000
2016-06-05 21:10:02.222000,1.13631,1.13607,1000000,2250000
2016-06-05 21:10:04.809000,1.13630,1.13607,1000000,1500000
2016-06-05 21:10:04.860000,1.13630,1.13605,1500000,3000000
2016-06-05 21:10:17.739000,1.13630,1.13607,1000000,1000000
2016-06-05 21:10:17.790000,1.13638,1.13607,1500000,2250000
2016-06-05 21:10:17.841000,1.13641,1.13609,1000000,1000000
2016-06-05 21:10:17.892000,1.13643,1.13610,1000000,1000000
2016-06-05 21:10:17.943000,1.13646,1.13611,1000000,1000000
2016-06-05 21:10:17.994000,1.13648,1.13611,1000000,2250000
2016-06-05 21:10:18.045000,1.13648,1.13614,1000000,1000000
2016-06-05 21:10:18.096000,1.13657,1.13615,1000000,1000000
2016-06-05 21:10:18.147000,1.13657,1.13617,1000000,1000000
2016-06-05 21:10:18.215000,1.13661,1.13617,1000000,1000000
2016-06-05 21:10:18.750000,1.13662,1.13616,1000000,2250000
2016-06-05 21:10:19.253000,1.13661,1.13617,1000000,1000000
2016-06-05 21:10:25.172000,1.13663,1.13620,1000000,1500000
2016-06-05 21:10:29.260000,1.13664,1.13620,1000000,1500000
2016-06-05 21:10:29.811000,1.13663,1.13620,1000000,2250000
2016-06-05 21:10:30.992000,1.13664,1.13620,1000000,1500000
2016-06-05 21:10:31.551000,1.13663,1.13620,1000000,2250000
2016-06-05 21:10:34.697000,1.13664,1.13620,1000000,1500000
2016-06-05 21:10:36.676000,1.13663,1.13620,1000000,2250000
2016-06-05 21:10:44.676000,1.13663,1.13621,1000000,1000000
2016-06-05 21:10:48.050000,1.13663,1.13625,1000000,2250000
2016-06-05 21:10:48.364000,1.13665,1.13630,1500000,1500000
2016-06-05 21:10:48.869000,1.13666,1.13630,1000000,1500000
2016-06-05 21:10:56.126000,1.13666,1.13633,1000000,1190000
2016-06-05 21:10:56.583000,1.13666,1.13630,1000000,1690000
2016-06-05 21:10:56.684000,1.13666,1.13633,1000000,1190000
2016-06-05 21:10:58.329000,1.13666,1.13630,1000000,2440000
2016-06-05 21:11:00.013000,1.13667,1.13630,1000000,1690000
2016-06-05 21:11:00.199000,1.13667,1.13632,1000000,1190000
2016-06-05 21:11:00.723000,1.13666,1.13632,1000000,1190000
2016-06-05 21:11:02.196000,1.13666,1.13630,1000000,2440000
2016-06-05 21:11:03.729000,1.13667,1.13630,1000000,1690000
2016-06-05 21:11:05.124000,1.13666,1.13630,1000000,2440000
2016-06-05 21:11:05.629000,1.13666,1.13633,1000000,1190000
2016-06-05 21:11:07.605000,1.13666,1.13630,1000000,2440000
2016-06-05 21:11:12.925000,1.13667,1.13630,1000000,1690000
2016-06-05 21:11:13.643000,1.13666,1.13630,1000000,2440000
2016-06-05 21:11:15.376000,1.13666,1.13633,1000000,1190000
2016-06-05 21:11:18.346000,1.13666,1.13630,1000000,2440000
2016-06-05 21:11:20.153000,1.13667,1.13630,1000000,1690000
2016-06-05 21:11:20.938000,1.13666,1.13630,1000000,2440000
2016-06-05 21:11:26.934000,1.13666,1.13634,1000000,1190000
2016-06-05 21:11:28.914000,1.13666,1.13630,1000000,2440000
2016-06-05 21:11:30.957000,1.13667,1.13630,1000000,1690000
2016-06-05 21:11:32.970000,1.13666,1.13630,1000000,2440000
2016-06-05 21:11:46.689000,1.13669,1.13630,1000000,2440000
2016-06-05 21:11:47.195000,1.13670,1.13632,2250000,1190000
2016-06-05 21:11:50.685000,1.13670,1.13635,2250000,1250000
2016-06-05 21:11:51.683000,1.13670,1.13631,1500000,1190000
2016-06-05 21:11:52.155000,1.13673,1.13630,1000000,1190000
2016-06-05 21:11:52.404000,1.13683,1.13632,1000000,1190000
2016-06-05 21:11:54.441000,1.13684,1.13632,1000000,1190000
2016-06-05 21:11:54.694000,1.13683,1.13630,1000000,1690000
2016-06-05 21:11:58.203000,1.13682,1.13630,1000000,1690000
2016-06-05 21:11:58.928000,1.13683,1.13630,1000000,1190000
2016-06-05 21:12:02.810000,1.13684,1.13630,1000000,1190000
2016-06-05 21:12:03.858000,1.13683,1.13630,1000000,1190000
2016-06-05 21:12:06.413000,1.13683,1.13633,1000000,1000000
2016-06-05 21:12:10.425000,1.13684,1.13633,1000000,1000000
2016-06-05 21:12:11.142000,1.13683,1.13633,1000000,1000000
2016-06-05 21:12:12.944000,1.13679,1.13633,1000000,1000000
2016-06-05 21:12:14.902000,1.13679,1.13635,1000000,1000000
2016-06-05 21:12:15.433000,1.13680,1.13635,2250000,1000000
2016-06-05 21:12:16.938000,1.13679,1.13635,1000000,1000000
2016-06-05 21:12:20.194000,1.13679,1.13634,1000000,1000000
2016-06-05 21:12:20.556000,1.13679,1.13636,1370000,3750000
2016-06-05 21:12:20.807000,1.13679,1.13634,1370000,1370000
2016-06-05 21:12:29.920000,1.13683,1.13641,1070000,1100000
2016-06-05 21:12:34.783000,1.13683,1.13641,1370000,1000000
2016-06-05 21:12:35.734000,1.13683,1.13644,1370000,1000000
2016-06-05 21:12:36.226000,1.13687,1.13683,1750000,1120000
2016-06-05 21:12:36.378000,1.13703,1.13693,1000000,1000000
2016-06-05 21:12:36.582000,1.13700,1.13693,1000000,1000000
2016-06-05 21:12:36.633000,1.13701,1.13688,1500000,1000000
2016-06-05 21:12:36.684000,1.13684,1.13680,1500000,1000000
2016-06-05 21:12:36.906000,1.13684,1.13661,1570000,1000000
2016-06-05 21:12:36.957000,1.13684,1.13655,1100000,1250000
2016-06-05 21:12:39.928000,1.13688,1.13653,1370000,1760000
2016-06-05 21:12:42.427000,1.13690,1.13676,3000000,750000
2016-06-05 21:12:42.529000,1.13720,1.13712,1000000,1500000
2016-06-05 21:12:42.580000,1.13722,1.13712,1500000,1500000
2016-06-05 21:12:42.857000,1.13731,1.13714,1000000,1000000
2016-06-05 21:12:44.227000,1.13731,1.13713,1000000,1500000
2016-06-05 21:12:44.786000,1.13731,1.13713,1070000,1500000
2016-06-05 21:12:50.280000,1.13734,1.13714,1370000,2250000
2016-06-05 21:12:50.381000,1.13736,1.13714,1070000,2250000
2016-06-05 21:12:50.611000,1.13736,1.13714,1100000,2250000
2016-06-05 21:12:51.448000,1.13739,1.13715,1580000,1000000
2016-06-05 21:12:59.275000,1.13737,1.13715,1310000,1000000
2016-06-05 21:13:01.467000,1.13737,1.13714,1310000,1500000
2016-06-05 21:13:03.631000,1.13737,1.13712,1310000,2250000
2016-06-05 21:13:05.545000,1.13737,1.13712,1620000,1500000
2016-06-05 21:13:15.761000,1.13732,1.13712,1250000,1500000
2016-06-05 21:13:16.014000,1.13732,1.13712,1320000,1500000
2016-06-05 21:13:30.174000,1.13734,1.13710,1560000,1000000
2016-06-05 21:13:30.225000,1.13734,1.13710,1560000,1000000
2016-06-05 21:13:31.714000,1.13734,1.13711,1560000,1000000
2016-06-05 21:13:34.019000,1.13734,1.13710,1560000,1000000
2016-06-05 21:13:34.222000,1.13724,1.13693,1310000,1000000
2016-06-05 21:13:34.287000,1.13721,1.13693,1370000,1000000
2016-06-05 21:13:34.339000,1.13721,1.13682,1370000,1000000
2016-06-05 21:13:34.391000,1.13718,1.13680,1070000,1000000
2016-06-05 21:13:34.607000,1.13711,1.13653,1000000,1000000
2016-06-05 21:13:34.658000,1.13711,1.13649,1000000,2250000
2016-06-05 21:13:37.707000,1.13710,1.13649,1000000,2250000
2016-06-05 21:13:37.758000,1.13710,1.13640,1000000,2320000
2016-06-05 21:13:37.809000,1.13710,1.13640,1000000,3000000
2016-06-05 21:13:40.442000,1.13710,1.13646,1000000,3750000
2016-06-05 21:13:42.049000,1.13715,1.13688,1500000,750000
2016-06-05 21:13:42.201000,1.13726,1.13693,1940000,1500000
2016-06-05 21:13:42.303000,1.13728,1.13692,1870000,1500000
2016-06-05 21:14:04.305000,1.13730,1.13691,1370000,2250000
2016-06-05 21:14:07.955000,1.13719,1.13691,1500000,1500000
2016-06-05 21:14:08.260000,1.13716,1.13690,2620000,1000000
2016-06-05 21:14:15.254000,1.13707,1.13686,1000000,1500000
2016-06-05 21:14:15.355000,1.13703,1.13680,1000000,1000000
2016-06-05 21:14:15.406000,1.13703,1.13673,1000000,1000000
2016-06-05 21:14:15.508000,1.13703,1.13663,2250000,1070000
2016-06-05 21:14:15.559000,1.13701,1.13661,1000000,1370000
2016-06-05 21:14:15.617000,1.13701,1.13656,2250000,1370000
2016-06-05 21:14:18.425000,1.13700,1.13646,1000000,3750000
2016-06-05 21:14:21.651000,1.13698,1.13646,1000000,3750000
2016-06-05 21:14:38.123000,1.13697,1.13646,1000000,3750000
2016-06-05 21:14:49.681000,1.13692,1.13646,1000000,3750000
2016-06-05 21:14:51.203000,1.13693,1.13646,1000000,3750000
2016-06-05 21:15:01.558000,1.13692,1.13646,1000000,3750000
2016-06-05 21:15:06.600000,1.13695,1.13646,1000000,3750000
2016-06-05 21:15:11.655000,1.13696,1.13648,1000000,3750000
2016-06-05 21:15:23.167000,1.13698,1.13648,1000000,3750000
2016-06-05 21:15:27.668000,1.13696,1.13648,1000000,3750000
2016-06-05 21:15:29.912000,1.13696,1.13645,1000000,3750000
2016-06-05 21:15:38.190000,1.13689,1.13645,1000000,3750000
2016-06-05 21:15:38.359000,1.13689,1.13641,1000000,2250000
2016-06-05 21:15:41.629000,1.13691,1.13641,1100000,2250000
2016-06-05 21:15:53.883000,1.13691,1.13648,1570000,3750000
2016-06-05 21:15:56.154000,1.13691,1.13645,1100000,1500000
2016-06-05 21:15:59.016000,1.13691,1.13648,2320000,3750000
2016-06-05 21:15:59.352000,1.13691,1.13644,1100000,1500000
2016-06-05 21:16:13.170000,1.13691,1.13660,2320000,1000000
2016-06-05 21:16:13.474000,1.13691,1.13664,1570000,1000000
2016-06-05 21:16:17.053000,1.13690,1.13664,1000000,1000000
2016-06-05 21:16:24.276000,1.13690,1.13665,1500000,1500000
2016-06-05 21:16:29.672000,1.13692,1.13667,1760000,1000000
2016-06-05 21:16:30.318000,1.13691,1.13666,1100000,1500000
2016-06-05 21:16:36.819000,1.13693,1.13674,2510000,1000000
2016-06-05 21:16:37.123000,1.13692,1.13683,1000000,1000000
2016-06-05 21:16:37.667000,1.13692,1.13682,1000000,1500000
2016-06-05 21:16:37.972000,1.13693,1.13684,1100000,1000000
2016-06-05 21:16:40.836000,1.13694,1.13684,1100000,2250000
2016-06-05 21:16:43.436000,1.13693,1.13684,1000000,1500000
2016-06-05 21:16:43.743000,1.13705,1.13683,1070000,1500000
2016-06-05 21:16:49.872000,1.13706,1.13685,1070000,1000000
2016-06-05 21:16:51.863000,1.13710,1.13685,3560000,1500000
2016-06-05 21:16:51.964000,1.13710,1.13685,2810000,1500000
2016-06-05 21:16:56.437000,1.13710,1.13685,1370000,1500000
2016-06-05 21:16:57.661000,1.13710,1.13685,1500000,1500000
2016-06-05 21:17:11.944000,1.13708,1.13672,1750000,1500000
2016-06-05 21:17:12.257000,1.13674,1.13663,1000000,1070000
2016-06-05 21:17:12.562000,1.13681,1.13680,1100000,1000000
2016-06-05 21:17:12.613000,1.13690,1.13680,1070000,1500000
2016-06-05 21:17:12.664000,1.13693,1.13683,1370000,1000000
2016-06-05 21:17:12.715000,1.13693,1.13683,750000,1000000
2016-06-05 21:17:12.767000,1.13707,1.13681,1120000,1500000
2016-06-05 21:17:12.869000,1.13701,1.13677,1000000,1000000
2016-06-05 21:17:12.921000,1.13671,1.13661,1000000,1750000
2016-06-05 21:17:12.972000,1.13671,1.13648,2250000,1000000
2016-06-05 21:17:13.124000,1.13672,1.13650,1000000,1500000
2016-06-05 21:17:13.175000,1.13685,1.13650,1070000,1500000
2016-06-05 21:17:13.500000,1.13673,1.13648,1000000,1070000
2016-06-05 21:17:13.859000,1.13671,1.13648,3000000,1000000
2016-06-05 21:17:15.395000,1.13669,1.13648,1000000,1000000
2016-06-05 21:17:16.822000,1.13670,1.13648,1000000,1000000
2016-06-05 21:17:19.852000,1.13670,1.13647,1000000,1000000
2016-06-05 21:17:20.457000,1.13670,1.13648,1000000,1000000
2016-06-05 21:17:23.363000,1.13670,1.13647,1000000,1000000
2016-06-05 21:17:23.873000,1.13670,1.13648,1000000,1000000
2016-06-05 21:17:35.076000,1.13670,1.13654,1000000,1000000
2016-06-05 21:17:35.440000,1.13670,1.13664,1000000,1000000
2016-06-05 21:17:35.492000,1.13672,1.13664,1000000,1000000
2016-06-05 21:17:36.378000,1.13671,1.13664,1000000,1000000
2016-06-05 21:17:37.929000,1.13671,1.13665,1000000,1000000
2016-06-05 21:17:38.081000,1.13675,1.13665,1000000,1500000
2016-06-05 21:17:38.132000,1.13677,1.13665,1500000,1500000
2016-06-05 21:17:38.347000,1.13689,1.13669,1000000,1500000
2016-06-05 21:17:38.449000,1.13677,1.13669,750000,1500000
2016-06-05 21:17:38.780000,1.13671,1.13663,1000000,1000000
2016-06-05 21:17:39.763000,1.13671,1.13666,1000000,1000000
2016-06-05 21:17:52.121000,1.13672,1.13666,1000000,1000000
2016-06-05 21:17:53.229000,1.13671,1.13666,1000000,1000000
2016-06-05 21:17:56.226000,1.13672,1.13666,1000000,1000000
2016-06-05 21:17:58.417000,1.13671,1.13666,1000000,1000000
2016-06-05 21:18:08.125000,1.13671,1.13667,1000000,1000000
2016-06-05 21:19:01.518000,1.13671,1.13669,1000000,1000000
2016-06-05 21:19:01.569000,1.13690,1.13669,1380000,1000000
2016-06-05 21:19:01.620000,1.13693,1.13669,1080000,1500000
2016-06-05 21:19:01.961000,1.13673,1.13669,1000000,2250000
2016-06-05 21:19:02.063000,1.13671,1.13666,1000000,1000000
2016-06-05 21:19:03.147000,1.13672,1.13666,1000000,1000000
2016-06-05 21:19:03.695000,1.13671,1.13666,1000000,1000000
2016-06-05 21:19:10.751000,1.13672,1.13666,1000000,1000000
2016-06-05 21:19:11.288000,1.13671,1.13666,1000000,1000000
2016-06-05 21:19:11.963000,1.13672,1.13666,1000000,1000000
2016-06-05 21:19:12.553000,1.13671,1.13666,1000000,1000000
2016-06-05 21:19:13.153000,1.13672,1.13666,1000000,1000000
2016-06-05 21:19:13.754000,1.13671,1.13666,1000000,1000000
2016-06-05 21:19:15.676000,1.13672,1.13666,1000000,1000000
2016-06-05 21:19:16.188000,1.13671,1.13666,1000000,1000000
2016-06-05 21:19:30.168000,1.13672,1.13666,1000000,1000000
2016-06-05 21:19:38.073000,1.13678,1.13667,1000000,1000000
2016-06-05 21:19:38.124000,1.13679,1.13670,1000000,1000000
2016-06-05 21:19:38.428000,1.13679,1.13677,1000000,1500000
2016-06-05 21:19:38.479000,1.13683,1.13677,1000000,1500000
2016-06-05 21:19:38.631000,1.13701,1.13677,1380000,1500000
2016-06-05 21:19:38.834000,1.13683,1.13677,1000000,1000000
2016-06-05 21:19:39.138000,1.13675,1.13669,1000000,1500000
2016-06-05 21:19:39.452000,1.13684,1.13676,1370000,1000000
2016-06-05 21:19:39.604000,1.13696,1.13676,1380000,1000000
2016-06-05 21:19:39.813000,1.13681,1.13676,1000000,1000000
2016-06-05 21:19:39.864000,1.13680,1.13674,1000000,1000000
2016-06-05 21:19:39.915000,1.13677,1.13674,1000000,1500000
2016-06-05 21:19:40.017000,1.13682,1.13675,1120000,1500000
2016-06-05 21:19:40.118000,1.13696,1.13675,1380000,1500000
2016-06-05 21:19:40.321000,1.13683,1.13675,1000000,1000000
2016-06-05 21:19:40.624000,1.13675,1.13670,1000000,1250000
2016-06-05 21:19:41.676000,1.13676,1.13673,1000000,1000000
2016-06-05 21:19:42.096000,1.13677,1.13675,1000000,1500000
2016-06-05 21:19:43.899000,1.13681,1.13675,1070000,1500000
2016-06-05 21:19:44,1.13697,1.13675,1880000,1500000
2016-06-05 21:19:44.232000,1.13681,1.13675,1000000,1500000
2016-06-05 21:19:44.536000,1.13675,1.13673,1000000,1500000
2016-06-05 21:19:45.597000,1.13680,1.13673,1070000,3000000
2016-06-05 21:19:45.648000,1.13680,1.13675,1070000,1000000
2016-06-05 21:19:45.750000,1.13697,1.13675,1880000,1500000
2016-06-05 21:19:45.953000,1.13682,1.13675,1000000,1500000
2016-06-05 21:19:46.063000,1.13682,1.13670,2620000,1250000
2016-06-05 21:19:46.114000,1.13682,1.13672,2620000,1000000
2016-06-05 21:19:46.337000,1.13682,1.13670,2620000,1250000
2016-06-05 21:19:48.114000,1.13682,1.13673,2620000,1000000
2016-06-05 21:19:48.266000,1.13686,1.13674,1000000,1500000
2016-06-05 21:19:48.317000,1.13697,1.13674,1880000,1500000
2016-06-05 21:19:48.570000,1.13682,1.13673,2250000,1000000
2016-06-05 21:19:49.030000,1.13676,1.13673,1000000,1000000
2016-06-05 21:19:52.589000,1.13676,1.13673,1000000,1000000
2016-06-05 21:19:52.691000,1.13681,1.13674,1000000,1000000
2016-06-05 21:19:52.794000,1.13682,1.13674,1370000,2250000
2016-06-05 21:19:52.896000,1.13692,1.13675,2250000,3190000
2016-06-05 21:19:52.998000,1.13691,1.13675,1000000,3000000
2016-06-05 21:19:53.049000,1.13679,1.13675,1000000,1000000
2016-06-05 21:19:53.151000,1.13671,1.13664,1000000,1500000
2016-06-05 21:19:53.671000,1.13671,1.13662,1100000,1690000
2016-06-05 21:20:00.237000,1.13671,1.13664,1100000,1000000
2016-06-05 21:20:00.567000,1.13671,1.13668,1000000,1000000
2016-06-05 21:20:00.619000,1.13675,1.13668,1100000,1000000
2016-06-05 21:20:00.771000,1.13675,1.13670,1000000,1000000
2016-06-05 21:20:00.924000,1.13693,1.13678,1380000,1500000
2016-06-05 21:20:00.976000,1.13697,1.13675,1750000,2250000
2016-06-05 21:20:01.028000,1.13692,1.13673,1000000,3190000
2016-06-05 21:20:01.181000,1.13681,1.13674,1000000,1000000
2016-06-05 21:20:01.482000,1.13676,1.13673,1000000,1250000
2016-06-05 21:20:01.584000,1.13684,1.13677,1000000,1500000
2016-06-05 21:20:01.636000,1.13699,1.13675,1750000,3750000
2016-06-05 21:20:01.839000,1.13686,1.13675,1000000,1500000
2016-06-05 21:20:02.166000,1.13675,1.13672,1000000,1250000
2016-06-05 21:20:03.579000,1.13675,1.13669,1000000,3000000
2016-06-05 21:20:05.498000,1.13671,1.13668,1190000,1000000
2016-06-05 21:20:05.549000,1.13671,1.13661,1190000,2320000
2016-06-05 21:20:06.055000,1.13671,1.13662,1190000,1000000
2016-06-05 21:20:10.983000,1.13672,1.13665,1190000,1000000
2016-06-05 21:20:51.403000,1.13671,1.13667,1190000,1000000
2016-06-05 21:20:57.391000,1.13671,1.13665,1190000,1500000
2016-06-05 21:20:59.527000,1.13671,1.13664,1190000,1000000
2016-06-05 21:22:09.503000,1.13671,1.13665,1190000,1000000
2016-06-05 21:24:54.819000,1.13675,1.13663,1560000,1000000
2016-06-05 21:25:15.790000,1.13669,1.13662,1000000,1000000
2016-06-05 21:25:16.968000,1.13669,1.13663,1000000,1000000
2016-06-05 21:25:20.695000,1.13669,1.13661,1000000,1000000
2016-06-05 21:25:21.315000,1.13670,1.13661,1250000,1000000
2016-06-05 21:25:21.886000,1.13669,1.13661,1000000,1000000
2016-06-05 21:25:22.980000,1.13669,1.13660,1000000,1500000
2016-06-05 21:25:23.781000,1.13669,1.13661,1000000,1000000
2016-06-05 21:25:24.311000,1.13666,1.13656,1000000,1000000
2016-06-05 21:25:24.412000,1.13667,1.13656,1120000,1000000
2016-06-05 21:25:24.466000,1.13667,1.13654,1120000,1000000
2016-06-05 21:25:24.568000,1.13661,1.13647,1500000,1000000
2016-06-05 21:25:24.775000,1.13655,1.13645,1870000,1000000
2016-06-05 21:25:24.855000,1.13655,1.13639,1120000,1000000
2016-06-05 21:25:24.906000,1.13653,1.13634,1070000,1000000
2016-06-05 21:25:25.008000,1.13650,1.13638,1000000,1000000
2016-06-05 21:25:25.210000,1.13657,1.13638,1000000,1000000
2016-06-05 21:25:25.312000,1.13661,1.13638,1000000,1000000
2016-06-05 21:25:28.267000,1.13662,1.13638,1000000,1000000
2016-06-05 21:25:32.411000,1.13661,1.13638,1000000,1000000
2016-06-05 21:26:20.706000,1.13661,1.13639,1000000,1000000
2016-06-05 21:26:29.038000,1.13661,1.13638,1000000,1500000
2016-06-05 21:26:29.635000,1.13661,1.13639,1000000,1500000
2016-06-05 21:26:37.501000,1.13661,1.13640,1000000,1000000
2016-06-05 21:26:49.532000,1.13661,1.13639,1000000,1000000
2016-06-05 21:26:50.124000,1.13662,1.13640,1000000,1000000
2016-06-05 21:26:54.737000,1.13661,1.13640,1000000,1000000
2016-06-05 21:27:01.565000,1.13662,1.13640,1000000,1000000
2016-06-05 21:27:20.120000,1.13662,1.13639,1000000,1500000
2016-06-05 21:27:24.282000,1.13661,1.13639,1000000,1500000
2016-06-05 21:27:45.179000,1.13662,1.13639,1000000,1000000
2016-06-05 21:27:50.172000,1.13662,1.13638,1000000,1500000
2016-06-05 21:28:25.533000,1.13662,1.13637,1000000,1500000
2016-06-05 21:28:31.365000,1.13661,1.13637,1000000,1500000
2016-06-05 21:28:31.416000,1.13661,1.13634,1000000,1500000
2016-06-05 21:28:31.618000,1.13656,1.13634,1500000,1500000
2016-06-05 21:28:31.925000,1.13654,1.13634,1000000,1500000
2016-06-05 21:28:32.428000,1.13654,1.13634,1370000,1000000
2016-06-05 21:28:32.529000,1.13654,1.13634,1000000,1000000
2016-06-05 21:28:36.837000,1.13654,1.13633,1000000,2250000
2016-06-05 21:28:36.889000,1.13654,1.13636,1000000,1000000
2016-06-05 21:28:37.250000,1.13660,1.13637,1000000,1500000
2016-06-05 21:29:05.865000,1.13660,1.13640,1000000,1570000
2016-06-05 21:29:06.542000,1.13659,1.13640,1000000,2320000
2016-06-05 21:29:07.161000,1.13659,1.13641,1000000,1000000
2016-06-05 21:29:10.369000,1.13659,1.13640,1000000,2320000
2016-06-05 21:29:10.916000,1.13659,1.13641,1000000,1000000
2016-06-05 21:29:17.416000,1.13659,1.13640,1000000,3820000
2016-06-05 21:29:18.134000,1.13659,1.13641,1000000,1000000
2016-06-05 21:29:18.635000,1.13658,1.13641,1000000,1000000
2016-06-05 21:29:22.115000,1.13658,1.13640,1000000,3820000
2016-06-05 21:29:24,1.13658,1.13641,1000000,1000000
2016-06-05 21:29:26.906000,1.13658,1.13640,1000000,2320000
2016-06-05 21:29:27.550000,1.13658,1.13641,1000000,1000000
2016-06-05 21:29:30.051000,1.13658,1.13640,1000000,1100000
2016-06-05 21:29:36.893000,1.13658,1.13632,1000000,1000000
2016-06-05 21:29:45.327000,1.13658,1.13631,1000000,1000000
2016-06-05 21:29:45.378000,1.13658,1.13631,1000000,2250000
2016-06-05 21:29:48.329000,1.13658,1.13631,1000000,1100000
2016-06-05 21:29:48.431000,1.13658,1.13631,1000000,1500000
2016-06-05 21:30:11.848000,1.13658,1.13625,1000000,1370000
2016-06-05 21:30:12.202000,1.13658,1.13628,1100000,1750000
2016-06-05 21:30:12.304000,1.13658,1.13628,1370000,1070000
2016-06-05 21:30:12.405000,1.13658,1.13628,1000000,2250000
2016-06-05 21:30:24.274000,1.13658,1.13628,1000000,1750000
2016-06-05 21:30:30.324000,1.13658,1.13629,1000000,1870000
2016-06-05 21:30:40.571000,1.13657,1.13630,1000000,1870000
2016-06-05 21:30:41.345000,1.13656,1.13630,1000000,2620000
2016-06-05 21:30:53.089000,1.13656,1.13630,1000000,1370000
2016-06-05 21:31:01.064000,1.13657,1.13630,1000000,1370000
2016-06-05 21:31:05.244000,1.13656,1.13630,1000000,1370000
2016-06-05 21:31:05.796000,1.13657,1.13630,1000000,1370000
2016-06-05 21:31:06.311000,1.13656,1.13630,1000000,1370000
2016-06-05 21:31:08.648000,1.13656,1.13630,1000000,1070000
2016-06-05 21:31:24.260000,1.13657,1.13627,1000000,1870000
2016-06-05 21:31:26.880000,1.13656,1.13627,1000000,1870000
2016-06-05 21:31:43.175000,1.13657,1.13627,1000000,1370000
2016-06-05 21:31:44.176000,1.13656,1.13627,1000000,1370000
2016-06-05 21:31:45.076000,1.13656,1.13627,1000000,1870000
2016-06-05 21:32:05.732000,1.13656,1.13630,1000000,2320000
2016-06-05 21:32:06.093000,1.13656,1.13632,1000000,1870000
2016-06-05 21:32:23.609000,1.13656,1.13632,1000000,1120000
2016-06-05 21:32:23.710000,1.13656,1.13631,1000000,1870000
2016-06-05 21:32:23.811000,1.13657,1.13631,1000000,1370000
2016-06-05 21:32:24.361000,1.13656,1.13631,1000000,1870000
2016-06-05 21:32:30.717000,1.13658,1.13633,1000000,1070000
2016-06-05 21:32:30.818000,1.13658,1.13633,1000000,1370000
2016-06-05 21:32:35.326000,1.13658,1.13637,1000000,1370000
2016-06-05 21:32:36.084000,1.13658,1.13637,1000000,1370000
2016-06-05 21:32:51.182000,1.13659,1.13637,1000000,1370000
2016-06-05 21:33:04.489000,1.13658,1.13637,1000000,1370000
2016-06-05 21:33:13.249000,1.13658,1.13637,1000000,1750000
2016-06-05 21:33:14.250000,1.13658,1.13637,1000000,1370000
2016-06-05 21:33:21.028000,1.13658,1.13649,1000000,1000000
2016-06-05 21:33:21.469000,1.13670,1.13661,2250000,1620000
2016-06-05 21:33:21.624000,1.13670,1.13661,1000000,1010000
2016-06-05 21:33:21.780000,1.13667,1.13659,1000000,1760000
2016-06-05 21:33:21.831000,1.13667,1.13658,1000000,1570000
2016-06-05 21:33:22.337000,1.13667,1.13657,1000000,1070000
2016-06-05 21:33:26.552000,1.13668,1.13656,1000000,2060000
2016-06-05 21:33:26.653000,1.13668,1.13658,1000000,1370000
2016-06-05 21:33:27.008000,1.13669,1.13663,1000000,1100000
2016-06-05 21:33:27.059000,1.13671,1.13663,1000000,2320000
2016-06-05 21:33:27.211000,1.13672,1.13663,2250000,1370000
2016-06-05 21:33:27.464000,1.13671,1.13661,1500000,1620000
2016-06-05 21:33:27.982000,1.13671,1.13661,2250000,1620000
2016-06-05 21:33:28.641000,1.13670,1.13661,1000000,1620000
2016-06-05 21:33:31.521000,1.13671,1.13661,1500000,1560000
2016-06-05 21:33:32.121000,1.13670,1.13661,1000000,1560000
2016-06-05 21:33:33.075000,1.13671,1.13657,1500000,1000000
2016-06-05 21:33:33.177000,1.13671,1.13649,1570000,1100000
2016-06-05 21:33:33.279000,1.13666,1.13646,1000000,1120000
2016-06-05 21:33:33.595000,1.13662,1.13646,1000000,1120000
2016-06-05 21:33:36.152000,1.13662,1.13646,1000000,1870000
2016-06-05 21:33:36.701000,1.13663,1.13646,1000000,1870000
2016-06-05 21:33:42.727000,1.13663,1.13657,1000000,1370000
2016-06-05 21:33:42.778000,1.13667,1.13656,1000000,1370000
2016-06-05 21:33:43.317000,1.13668,1.13656,1500000,1370000
2016-06-05 21:33:44.359000,1.13667,1.13658,1000000,1120000
2016-06-05 21:33:44.962000,1.13668,1.13658,1500000,1120000
2016-06-05 21:33:45.520000,1.13667,1.13658,1000000,1120000
2016-06-05 21:33:46.052000,1.13668,1.13658,1500000,1120000
2016-06-05 21:33:46.573000,1.13667,1.13658,1000000,1120000
2016-06-05 21:33:46.875000,1.13669,1.13659,1500000,1070000
2016-06-05 21:33:46.926000,1.13669,1.13659,1500000,1370000
2016-06-05 21:33:47.894000,1.13667,1.13657,1000000,2810000
2016-06-05 21:33:49.933000,1.13668,1.13660,1000000,1100000
2016-06-05 21:33:50.256000,1.13671,1.13660,1000000,2060000
2016-06-05 21:33:50.985000,1.13669,1.13661,1000000,1310000
2016-06-05 21:33:51.195000,1.13669,1.13661,1000000,1010000
2016-06-05 21:33:55.594000,1.13669,1.13662,1000000,1000000
2016-06-05 21:33:55.746000,1.13672,1.13663,1500000,3260000
2016-06-05 21:33:57.093000,1.13672,1.13663,3000000,3070000
2016-06-05 21:33:57.144000,1.13669,1.13663,1000000,1570000
2016-06-05 21:33:57.773000,1.13670,1.13661,1000000,2060000
2016-06-05 21:33:58.253000,1.13669,1.13661,1000000,1260000
2016-06-05 21:34:00.103000,1.13667,1.13660,1000000,3190000
2016-06-05 21:34:00.306000,1.13666,1.13642,1500000,1370000
2016-06-05 21:34:00.408000,1.13664,1.13642,1000000,1370000
2016-06-05 21:34:04.378000,1.13665,1.13642,1000000,2620000
2016-06-05 21:34:07.843000,1.13664,1.13642,1000000,2620000
2016-06-05 21:34:09.125000,1.13664,1.13642,1000000,1570000
2016-06-05 21:34:09.626000,1.13663,1.13642,1000000,1570000
2016-06-05 21:34:22.362000,1.13662,1.13642,1000000,1570000
2016-06-05 21:35:03.059000,1.13662,1.13641,1000000,2320000
2016-06-05 21:35:03.568000,1.13662,1.13641,1000000,2320000
2016-06-05 21:35:04.262000,1.13663,1.13641,1000000,2320000
2016-06-05 21:35:05.660000,1.13662,1.13642,1000000,1570000
2016-06-05 21:35:22.641000,1.13661,1.13645,1000000,1000000
2016-06-05 21:35:22.844000,1.13661,1.13637,1500000,3560000
2016-06-05 21:35:22.895000,1.13659,1.13637,2250000,1620000
2016-06-05 21:35:23.199000,1.13653,1.13637,1000000,1370000
2016-06-05 21:35:24.193000,1.13654,1.13637,1000000,1370000
2016-06-05 21:35:35.724000,1.13654,1.13642,1000000,3070000
2016-06-05 21:35:35.826000,1.13659,1.13643,4500000,1000000
2016-06-05 21:35:35.927000,1.13665,1.13643,1500000,1500000
2016-06-05 21:35:36.029000,1.13663,1.13643,1000000,1500000
2016-06-05 21:36:10.874000,1.13663,1.13642,1000000,3820000
2016-06-05 21:36:21.184000,1.13663,1.13642,1000000,3820000
2016-06-05 21:36:42.185000,1.13662,1.13643,1000000,1570000
2016-06-05 21:38:28.036000,1.13663,1.13642,1000000,1570000
2016-06-05 21:38:29.458000,1.13663,1.13642,1000000,1500000
2016-06-05 21:38:44.256000,1.13664,1.13642,1100000,1500000
2016-06-05 21:39:04.289000,1.13663,1.13642,1000000,1000000
2016-06-05 21:39:04.795000,1.13663,1.13641,1000000,1500000
2016-06-05 21:39:24.236000,1.13663,1.13642,1000000,1500000
2016-06-05 21:39:24.743000,1.13664,1.13642,1100000,1500000
2016-06-05 21:39:35.135000,1.13664,1.13652,1100000,1000000
2016-06-05 21:39:35.438000,1.13669,1.13657,1000000,1370000
2016-06-05 21:39:35.944000,1.13668,1.13657,1000000,1370000
2016-06-05 21:39:36.557000,1.13668,1.13657,1000000,1070000
2016-06-05 21:39:49.088000,1.13668,1.13657,1000000,1370000
2016-06-05 21:39:49.592000,1.13667,1.13657,1000000,1870000
2016-06-05 21:39:50.143000,1.13667,1.13657,1000000,1870000
2016-06-05 21:39:56.787000,1.13667,1.13657,1000000,2250000
2016-06-05 21:39:59.574000,1.13667,1.13657,1000000,1870000
2016-06-05 21:40:00.509000,1.13668,1.13657,1000000,1370000
2016-06-05 21:40:00.675000,1.13668,1.13657,1000000,1000000
2016-06-05 21:40:08.951000,1.13668,1.13658,1000000,1100000
2016-06-05 21:40:14.867000,1.13669,1.13658,1000000,1100000
2016-06-05 21:40:20.112000,1.13667,1.13658,1000000,1100000
2016-06-05 21:40:38.961000,1.13669,1.13658,1000000,1100000
2016-06-05 21:40:51.280000,1.13669,1.13657,1000000,1570000
2016-06-05 21:40:51.796000,1.13669,1.13658,1000000,1000000
2016-06-05 21:41:10.182000,1.13667,1.13658,1000000,1100000
2016-06-05 21:41:14.589000,1.13669,1.13658,1000000,1100000
2016-06-05 21:41:47.404000,1.13669,1.13657,1000000,1100000
2016-06-05 21:41:56.886000,1.13659,1.13657,1000000,1100000
2016-06-05 21:41:56.988000,1.13660,1.13653,1000000,1190000
2016-06-05 21:41:57.040000,1.13654,1.13652,1000000,1250000
2016-06-05 21:41:57.091000,1.13653,1.13645,1500000,2060000
2016-06-05 21:41:57.192000,1.13652,1.13642,3000000,1320000
2016-06-05 21:41:57.806000,1.13651,1.13642,1500000,1320000
2016-06-05 21:42:00.496000,1.13652,1.13638,2250000,2250000
2016-06-05 21:42:00.769000,1.13655,1.13642,1000000,1070000
2016-06-05 21:42:00.820000,1.13664,1.13642,1000000,1570000
2016-06-05 21:42:46.130000,1.13664,1.13643,1070000,1100000
2016-06-05 21:42:56.720000,1.13658,1.13641,1000000,2620000
2016-06-05 21:42:57.026000,1.13647,1.13637,1000000,1070000
2016-06-05 21:42:57.078000,1.13649,1.13633,1000000,1750000
2016-06-05 21:42:57.298000,1.13644,1.13631,1000000,2440000
2016-06-05 21:43:03.064000,1.13647,1.13636,1000000,1120000
2016-06-05 21:43:03.165000,1.13654,1.13636,1000000,1120000
2016-06-05 21:43:06.314000,1.13655,1.13636,1000000,4870000
2016-06-05 21:43:06.837000,1.13654,1.13636,1000000,4120000
2016-06-05 21:43:08.943000,1.13655,1.13636,1500000,4120000
2016-06-05 21:43:10.280000,1.13654,1.13636,1000000,4120000
2016-06-05 21:43:32.643000,1.13653,1.13636,1000000,4120000
2016-06-05 21:43:34.113000,1.13654,1.13636,1000000,2620000
2016-06-05 21:43:52.108000,1.13654,1.13637,1000000,2320000
2016-06-05 21:43:58.417000,1.13654,1.13637,1000000,2320000
2016-06-05 21:44:18.971000,1.13654,1.13640,1000000,1000000
2016-06-05 21:44:19.480000,1.13655,1.13641,1000000,1000000
2016-06-05 21:44:20.155000,1.13655,1.13640,1000000,2250000
2016-06-05 21:44:20.724000,1.13655,1.13641,1000000,1000000
2016-06-05 21:44:21.940000,1.13655,1.13640,1000000,2250000
2016-06-05 21:44:22.446000,1.13655,1.13641,1000000,1000000
2016-06-05 21:44:23.098000,1.13658,1.13640,1000000,2250000
2016-06-05 21:44:23.150000,1.13658,1.13642,1000000,1000000
2016-06-05 21:44:23.201000,1.13661,1.13642,1000000,1000000
2016-06-05 21:44:30.292000,1.13661,1.13644,1000000,1000000
2016-06-05 21:44:30.596000,1.13662,1.13651,1000000,1000000
2016-06-05 21:44:30.697000,1.13665,1.13651,1000000,1000000
2016-06-05 21:44:31.678000,1.13665,1.13650,1000000,2250000
2016-06-05 21:44:32.194000,1.13665,1.13651,1000000,1000000
2016-06-05 21:44:33.196000,1.13665,1.13650,1000000,2250000
2016-06-05 21:44:33.713000,1.13665,1.13651,1000000,1000000
2016-06-05 21:44:34.804000,1.13665,1.13650,1000000,2250000
2016-06-05 21:44:35.108000,1.13665,1.13652,1000000,1000000
2016-06-05 21:44:36.101000,1.13665,1.13651,1000000,1000000
2016-06-05 21:44:36.614000,1.13665,1.13652,1000000,1000000
2016-06-05 21:44:37.165000,1.13665,1.13651,1000000,1000000
2016-06-05 21:44:37.733000,1.13666,1.13652,1690000,1000000
2016-06-05 21:44:38.980000,1.13666,1.13653,1690000,1000000
2016-06-05 21:44:40.075000,1.13666,1.13652,1690000,1000000
2016-06-05 21:44:40.596000,1.13666,1.13653,1690000,1000000
2016-06-05 21:44:41.409000,1.13666,1.13652,1690000,1000000
2016-06-05 21:44:41.911000,1.13666,1.13653,1690000,1000000
2016-06-05 21:45:01.054000,1.13666,1.13654,1000000,1000000
2016-06-05 21:45:01.573000,1.13666,1.13655,1000000,1000000
2016-06-05 21:45:05.419000,1.13667,1.13655,1000000,2250000
2016-06-05 21:45:05.968000,1.13667,1.13656,1000000,1000000
2016-06-05 21:45:06.770000,1.13667,1.13655,1000000,2250000
2016-06-05 21:45:07.320000,1.13666,1.13656,1000000,1000000
2016-06-05 21:45:07.401000,1.13668,1.13656,1000000,1000000
2016-06-05 21:45:08.772000,1.13668,1.13655,1000000,2250000
2016-06-05 21:45:09.273000,1.13668,1.13656,1000000,1000000
2016-06-05 21:45:09.973000,1.13668,1.13655,1000000,2250000
2016-06-05 21:45:10.521000,1.13668,1.13656,1000000,1500000
2016-06-05 21:45:11.151000,1.13668,1.13657,1000000,1000000
2016-06-05 21:45:11.680000,1.13668,1.13656,1000000,1500000
2016-06-05 21:45:12.227000,1.13668,1.13657,1000000,1000000
2016-06-05 21:45:12.756000,1.13668,1.13656,1000000,1500000
2016-06-05 21:45:13.219000,1.13668,1.13660,1000000,1000000
2016-06-05 21:45:13.808000,1.13669,1.13665,1000000,1500000
2016-06-05 21:45:14.315000,1.13669,1.13666,1000000,1000000
2016-06-05 21:45:15.787000,1.13669,1.13665,1000000,3750000
2016-06-05 21:45:16.412000,1.13669,1.13666,1000000,1000000
2016-06-05 21:45:17.773000,1.13669,1.13665,1000000,3750000
2016-06-05 21:45:18.379000,1.13669,1.13666,1000000,1000000
2016-06-05 21:45:19.292000,1.13669,1.13665,1000000,3750000
2016-06-05 21:45:19.793000,1.13669,1.13666,1000000,1000000
2016-06-05 21:45:20.294000,1.13670,1.13666,1000000,1000000
2016-06-05 21:45:21.772000,1.13670,1.13665,1000000,4500000
2016-06-05 21:45:22.097000,1.13672,1.13668,1000000,1000000
2016-06-05 21:45:22.181000,1.13676,1.13669,1000000,1000000
2016-06-05 21:45:22.282000,1.13674,1.13665,1000000,2250000
2016-06-05 21:45:22.333000,1.13671,1.13665,1000000,1000000
2016-06-05 21:45:22.384000,1.13670,1.13660,1000000,2250000
2016-06-05 21:45:22.435000,1.13670,1.13656,1000000,1000000
2016-06-05 21:45:22.537000,1.13669,1.13653,1000000,1000000
2016-06-05 21:45:22.639000,1.13667,1.13653,1000000,1000000
2016-06-05 21:45:23.702000,1.13667,1.13654,1000000,1000000
2016-06-05 21:45:25.704000,1.13667,1.13653,1000000,1500000
2016-06-05 21:45:26.727000,1.13667,1.13654,1000000,1000000
2016-06-05 21:45:27.288000,1.13667,1.13653,1000000,1500000
2016-06-05 21:45:27.839000,1.13668,1.13654,1000000,1500000
2016-06-05 21:46:02.509000,1.13668,1.13653,1000000,1000000
2016-06-05 21:46:03.017000,1.13667,1.13653,1000000,1000000
2016-06-05 21:46:08.800000,1.13667,1.13652,1000000,1500000
2016-06-05 21:46:14.184000,1.13667,1.13653,1000000,1000000
2016-06-05 21:46:15.084000,1.13667,1.13652,1500000,1500000
2016-06-05 21:46:15.635000,1.13667,1.13653,1500000,1000000
2016-06-05 21:46:16.586000,1.13667,1.13652,1500000,1500000
2016-06-05 21:46:17.131000,1.13667,1.13653,1500000,1000000
2016-06-05 21:46:17.729000,1.13667,1.13652,1500000,1500000
2016-06-05 21:46:18.256000,1.13667,1.13653,1500000,1000000
2016-06-05 21:46:22.339000,1.13667,1.13652,1500000,1500000
2016-06-05 21:46:22.870000,1.13667,1.13653,1500000,1000000
2016-06-05 21:46:34.942000,1.13667,1.13651,1000000,1500000
2016-06-05 21:46:35.246000,1.13654,1.13648,3750000,1200000
2016-06-05 21:46:35.533000,1.13649,1.13641,2250000,2250000
2016-06-05 21:46:36.053000,1.13648,1.13641,3000000,2250000
2016-06-05 21:47:03.665000,1.13645,1.13642,2250000,1070000
2016-06-05 21:47:04.210000,1.13645,1.13639,2250000,1760000
2016-06-05 21:47:04.716000,1.13645,1.13639,2250000,1760000
2016-06-05 21:47:24.416000,1.13645,1.13640,3000000,1620000
2016-06-05 21:48:08.970000,1.13646,1.13641,2250000,1370000
2016-06-05 21:48:09.476000,1.13647,1.13638,3000000,2250000
2016-06-05 21:48:09.732000,1.13646,1.13638,2250000,1870000
2016-06-05 21:48:19.558000,1.13646,1.13638,2250000,2620000
2016-06-05 21:48:20.064000,1.13645,1.13638,1000000,1870000
2016-06-05 21:48:20.578000,1.13646,1.13638,1500000,1870000
2016-06-05 21:48:24.237000,1.13647,1.13638,2250000,1870000
2016-06-05 21:48:24.786000,1.13646,1.13638,1000000,1870000
2016-06-05 21:48:25.609000,1.13645,1.13638,1000000,1370000
2016-06-05 21:48:26.167000,1.13646,1.13638,1500000,1370000
2016-06-05 21:48:32.413000,1.13646,1.13637,1500000,1500000
2016-06-05 21:48:36.073000,1.13645,1.13637,1000000,1500000
2016-06-05 21:48:36.364000,1.13646,1.13637,1500000,1370000
2016-06-05 21:48:38.483000,1.13646,1.13637,1500000,1500000
2016-06-05 21:48:40.763000,1.13645,1.13637,1000000,1500000
2016-06-05 21:48:40.864000,1.13645,1.13637,1500000,1370000
2016-06-05 21:48:41.460000,1.13646,1.13637,1500000,1370000
2016-06-05 21:48:41.992000,1.13646,1.13637,1500000,1370000
2016-06-05 21:48:44.516000,1.13645,1.13637,1500000,1370000
2016-06-05 21:48:45.113000,1.13646,1.13637,1500000,1370000
2016-06-05 21:48:45.823000,1.13646,1.13638,1500000,2620000
2016-06-05 21:48:46.610000,1.13646,1.13638,1500000,2620000
2016-06-05 21:48:54.934000,1.13645,1.13638,1000000,3370000
2016-06-05 21:48:55.455000,1.13646,1.13638,1500000,3370000
2016-06-05 21:48:57.842000,1.13646,1.13638,1500000,3370000
2016-06-05 21:49:00.015000,1.13647,1.13640,2250000,1370000
2016-06-05 21:49:02.500000,1.13647,1.13640,2250000,1370000
2016-06-05 21:49:03.002000,1.13646,1.13640,1000000,1370000
2016-06-05 21:49:05.869000,1.13646,1.13640,1500000,1370000
2016-06-05 21:49:07.572000,1.13647,1.13640,2250000,1370000
2016-06-05 21:49:08.121000,1.13646,1.13640,1000000,1370000
2016-06-05 21:49:08.809000,1.13647,1.13640,2250000,1370000
2016-06-05 21:49:09.323000,1.13646,1.13640,1000000,1370000
2016-06-05 21:49:10.026000,1.13647,1.13640,2250000,1370000
2016-06-05 21:49:10.141000,1.13645,1.13640,1000000,1370000
2016-06-05 21:49:11.066000,1.13646,1.13640,1500000,1370000
2016-06-05 21:49:13.569000,1.13646,1.13640,1500000,1370000
2016-06-05 21:49:19.579000,1.13645,1.13639,1000000,2620000
2016-06-05 21:49:20.083000,1.13646,1.13639,1500000,2620000
2016-06-05 21:49:23.851000,1.13647,1.13639,2250000,1370000
2016-06-05 21:49:24.389000,1.13646,1.13639,1000000,2620000
2016-06-05 21:49:33.206000,1.13647,1.13640,2250000,1370000
2016-06-05 21:49:33.519000,1.13645,1.13640,1000000,1370000
2016-06-05 21:49:43.232000,1.13646,1.13640,2250000,1870000
2016-06-05 21:49:43.778000,1.13646,1.13640,1500000,1370000
2016-06-05 21:49:45.093000,1.13646,1.13640,1000000,4870000
2016-06-05 21:49:45.561000,1.13645,1.13640,1000000,4500000
2016-06-05 21:49:46.727000,1.13646,1.13640,1500000,1000000
2016-06-05 21:49:47.613000,1.13646,1.13639,1000000,1000000
2016-06-05 21:49:48.601000,1.13646,1.13640,1500000,1000000
2016-06-05 21:49:48.653000,1.13646,1.13640,1500000,1370000
2016-06-05 21:49:49.618000,1.13646,1.13639,1500000,2620000
2016-06-05 21:49:50.420000,1.13645,1.13639,1000000,2620000
2016-06-05 21:49:50.943000,1.13646,1.13639,1500000,2620000
2016-06-05 21:49:52.496000,1.13645,1.13639,1000000,2620000
2016-06-05 21:49:53.129000,1.13646,1.13640,1500000,1120000
2016-06-05 21:49:53.678000,1.13645,1.13640,1500000,1070000
2016-06-05 21:49:54.218000,1.13646,1.13640,1500000,1070000
2016-06-05 21:49:57.346000,1.13646,1.13640,1500000,1370000
2016-06-05 21:49:57.548000,1.13646,1.13640,1500000,1070000
2016-06-05 21:49:58.724000,1.13645,1.13639,1000000,2620000
2016-06-05 21:49:59.305000,1.13646,1.13639,1500000,2620000
2016-06-05 21:50:09.428000,1.13645,1.13639,1000000,2620000
2016-06-05 21:50:09.933000,1.13646,1.13639,1500000,2620000
2016-06-05 21:50:13.663000,1.13645,1.13639,1000000,2320000
2016-06-05 21:50:13.765000,1.13646,1.13639,3000000,2620000
2016-06-05 21:50:17.041000,1.13645,1.13639,1500000,2620000
2016-06-05 21:50:18.067000,1.13646,1.13639,3000000,2620000
2016-06-05 21:50:20.408000,1.13646,1.13639,1500000,2620000
2016-06-05 21:50:20.489000,1.13646,1.13639,1000000,1120000
2016-06-05 21:50:27.984000,1.13645,1.13639,1000000,2620000
2016-06-05 21:50:32.996000,1.13646,1.13639,1500000,1120000
2016-06-05 21:50:33.546000,1.13645,1.13639,1000000,2620000
2016-06-05 21:50:34.975000,1.13646,1.13639,1500000,1120000
2016-06-05 21:50:35.588000,1.13645,1.13639,1000000,2620000
2016-06-05 21:50:36.380000,1.13646,1.13639,1500000,1120000
2016-06-05 21:50:36.882000,1.13645,1.13639,1000000,2620000
2016-06-05 21:50:37.516000,1.13645,1.13640,1000000,1870000
2016-06-05 21:50:40.076000,1.13649,1.13641,1830000,2320000
2016-06-05 21:50:44.682000,1.13649,1.13641,1120000,2620000
2016-06-05 21:50:45.236000,1.13646,1.13641,1000000,2620000
2016-06-05 21:50:54.302000,1.13650,1.13642,4680000,1070000
2016-06-05 21:50:54.355000,1.13651,1.13645,1000000,1500000
2016-06-05 21:50:54.407000,1.13652,1.13648,4000000,1000000
2016-06-05 21:50:54.458000,1.13655,1.13648,1000000,1500000
2016-06-05 21:50:54.560000,1.13660,1.13648,1250000,1000000
2016-06-05 21:50:54.915000,1.13661,1.13645,1000000,1000000
2016-06-05 21:50:55.298000,1.13661,1.13647,1000000,1000000
2016-06-05 21:51:01.635000,1.13662,1.13650,1000000,1000000
2016-06-05 21:51:02.182000,1.13663,1.13650,1000000,1000000
2016-06-05 21:51:06.170000,1.13664,1.13650,1500000,1000000
2016-06-05 21:51:06.733000,1.13663,1.13650,1000000,1000000
2016-06-05 21:51:07.869000,1.13663,1.13649,1000000,1000000
2016-06-05 21:51:08.375000,1.13663,1.13648,1000000,1500000
2016-06-05 21:51:13.839000,1.13663,1.13649,1000000,1000000
2016-06-05 21:51:18.843000,1.13664,1.13651,1000000,1500000
2016-06-05 21:51:18.997000,1.13666,1.13651,3190000,1000000
2016-06-05 21:51:21.555000,1.13666,1.13652,2440000,1000000
2016-06-05 21:51:22.958000,1.13665,1.13656,1000000,1000000
2016-06-05 21:51:23.215000,1.13669,1.13653,1000000,1000000
2016-06-05 21:51:23.409000,1.13670,1.13655,1000000,1000000
2016-06-05 21:51:23.741000,1.13665,1.13653,1000000,1000000
2016-06-05 21:51:24.261000,1.13666,1.13653,1000000,1000000
2016-06-05 21:51:28.503000,1.13666,1.13652,1000000,1000000
2016-06-05 21:51:29.024000,1.13665,1.13652,1000000,1000000
2016-06-05 21:51:29.768000,1.13665,1.13654,1000000,1000000
2016-06-05 21:51:31.184000,1.13667,1.13654,1000000,1500000
2016-06-05 21:51:33.174000,1.13667,1.13655,1000000,1000000
2016-06-05 21:51:33.225000,1.13667,1.13662,1000000,1000000
2016-06-05 21:51:33.377000,1.13670,1.13663,1000000,1000000
2016-06-05 21:51:33.428000,1.13670,1.13656,1000000,1000000
2016-06-05 21:51:33.479000,1.13668,1.13656,1000000,1000000
2016-06-05 21:51:34.015000,1.13667,1.13655,1000000,1000000
2016-06-05 21:52:04.805000,1.13667,1.13656,1000000,1000000
2016-06-05 21:52:05.417000,1.13668,1.13658,1500000,1000000
2016-06-05 21:52:09.970000,1.13668,1.13659,1000000,1500000
2016-06-05 21:52:10.401000,1.13671,1.13660,2250000,1500000
2016-06-05 21:52:11.472000,1.13671,1.13662,1500000,1000000
2016-06-05 21:52:11.776000,1.13671,1.13665,1500000,2250000
2016-06-05 21:52:12.281000,1.13670,1.13665,1000000,2250000
2016-06-05 21:52:15.237000,1.13669,1.13665,1000000,4500000
2016-06-05 21:52:15.755000,1.13670,1.13665,1000000,4500000
2016-06-05 21:52:18.633000,1.13671,1.13665,1500000,4500000
2016-06-05 21:52:21.909000,1.13670,1.13665,1000000,4500000
2016-06-05 21:52:29.628000,1.13669,1.13665,1000000,4500000
2016-06-05 21:52:30.154000,1.13671,1.13665,1000000,4500000
2016-06-05 21:52:38.960000,1.13670,1.13665,1000000,3000000
2016-06-05 21:52:39.515000,1.13670,1.13666,1000000,1000000
2016-06-05 21:52:42.520000,1.13670,1.13665,1000000,3750000
2016-06-05 21:52:43.144000,1.13670,1.13666,1000000,1000000
2016-06-05 21:52:43.733000,1.13670,1.13665,1000000,4500000
2016-06-05 21:52:45.627000,1.13670,1.13666,1000000,1000000
2016-06-05 21:52:50.071000,1.13670,1.13665,1000000,3000000
2016-06-05 21:52:50.173000,1.13670,1.13660,1000000,1000000
2016-06-05 21:52:50.246000,1.13669,1.13653,3000000,1500000
2016-06-05 21:52:50.348000,1.13666,1.13653,1000000,1000000
2016-06-05 21:52:51.185000,1.13667,1.13653,1000000,1000000
2016-06-05 21:52:51.752000,1.13666,1.13653,1000000,1000000
2016-06-05 21:52:55.501000,1.13666,1.13651,1000000,1500000
2016-06-05 21:53:00.533000,1.13666,1.13652,1000000,1000000
2016-06-05 21:53:05.712000,1.13666,1.13651,1000000,1000000
2016-06-05 21:53:13.368000,1.13665,1.13651,1000000,1500000
2016-06-05 21:53:21.899000,1.13665,1.13650,1000000,2250000
2016-06-05 21:53:27.226000,1.13665,1.13649,1000000,1570000
2016-06-05 21:53:27.378000,1.13665,1.13649,1000000,1870000
2016-06-05 21:53:28.034000,1.13665,1.13649,1000000,1870000
2016-06-05 21:53:28.902000,1.13665,1.13649,1000000,1570000
2016-06-05 21:53:32.015000,1.13665,1.13650,1000000,1000000
2016-06-05 21:53:32.169000,1.13665,1.13650,1000000,1870000
2016-06-05 21:53:33.270000,1.13665,1.13650,1000000,2320000
2016-06-05 21:53:36.016000,1.13654,1.13650,1000000,1570000
2016-06-05 21:53:36.320000,1.13651,1.13649,1000000,1070000
2016-06-05 21:53:36.652000,1.13652,1.13648,2620000,1570000
2016-06-05 21:53:37.157000,1.13651,1.13649,1000000,1000000
2016-06-05 21:53:41.737000,1.13652,1.13648,2620000,1100000
2016-06-05 21:53:42.258000,1.13651,1.13649,1000000,1000000
2016-06-05 21:53:44.967000,1.13652,1.13648,2620000,1100000
2016-06-05 21:53:45.474000,1.13651,1.13649,1000000,1000000
2016-06-05 21:53:45.575000,1.13651,1.13645,1870000,1000000
2016-06-05 21:53:46.304000,1.13651,1.13646,1870000,1000000
2016-06-05 21:53:49.529000,1.13651,1.13644,2620000,1100000
2016-06-05 21:53:55.073000,1.13651,1.13648,2620000,1000000
2016-06-05 21:54:02.689000,1.13652,1.13648,1870000,1100000
2016-06-05 21:54:03.194000,1.13651,1.13648,1000000,1570000
2016-06-05 21:54:03.827000,1.13652,1.13648,1870000,1100000
2016-06-05 21:54:04.346000,1.13651,1.13648,1000000,1570000
2016-06-05 21:54:09.332000,1.13652,1.13648,1870000,1100000
2016-06-05 21:54:10.051000,1.13651,1.13648,1000000,1570000
2016-06-05 21:54:10.554000,1.13652,1.13648,1870000,1100000
2016-06-05 21:54:11.208000,1.13651,1.13648,1000000,1570000
2016-06-05 21:54:11.809000,1.13652,1.13648,1870000,1100000
2016-06-05 21:54:12.360000,1.13651,1.13648,1000000,1570000
2016-06-05 21:54:13.913000,1.13652,1.13647,1500000,1570000
2016-06-05 21:54:14.426000,1.13651,1.13648,1000000,1100000
2016-06-05 21:54:15.447000,1.13652,1.13648,1500000,2320000
2016-06-05 21:54:15.971000,1.13651,1.13648,1500000,1100000
2016-06-05 21:54:16.512000,1.13651,1.13649,1500000,1000000
2016-06-05 21:54:18.452000,1.13654,1.13649,1000000,1500000
2016-06-05 21:54:18.965000,1.13654,1.13650,1000000,1500000
2016-06-05 21:54:24.169000,1.13660,1.13655,1500000,1000000
2016-06-05 21:54:24.220000,1.13663,1.13660,1500000,1000000
2016-06-05 21:54:24.271000,1.13671,1.13660,1000000,1500000
2016-06-05 21:54:24.575000,1.13671,1.13658,1000000,1500000
2016-06-05 21:54:25.084000,1.13671,1.13657,2250000,1000000
2016-06-05 21:54:40.059000,1.13671,1.13656,3000000,1000000
2016-06-05 21:54:42.692000,1.13670,1.13655,1000000,2250000
2016-06-05 21:54:45.371000,1.13669,1.13660,1500000,1000000
2016-06-05 21:54:45.821000,1.13669,1.13662,1000000,1000000
2016-06-05 21:54:45.872000,1.13670,1.13660,1000000,3750000
2016-06-05 21:54:46.372000,1.13668,1.13659,1000000,1000000
2016-06-05 21:55:00.409000,1.13668,1.13658,1000000,1000000
2016-06-05 21:55:00.461000,1.13670,1.13658,1000000,1000000
2016-06-05 21:55:00.563000,1.13670,1.13661,1000000,1000000
2016-06-05 21:55:01.132000,1.13668,1.13658,1000000,1000000
2016-06-05 21:55:01.366000,1.13671,1.13657,2250000,1500000
2016-06-05 21:55:06.749000,1.13671,1.13654,3000000,1500000
2016-06-05 21:55:06.801000,1.13665,1.13656,1000000,1000000
2016-06-05 21:55:07.105000,1.13666,1.13658,1000000,1000000
2016-06-05 21:55:07.308000,1.13665,1.13656,1000000,1000000
2016-06-05 21:55:09.784000,1.13666,1.13657,1000000,1000000
2016-06-05 21:55:09.835000,1.13666,1.13659,1000000,1000000
2016-06-05 21:55:10.299000,1.13669,1.13660,1000000,5250000
2016-06-05 21:55:10.350000,1.13669,1.13662,1000000,1000000
2016-06-05 21:55:10.666000,1.13669,1.13660,1000000,2250000
2016-06-05 21:55:11.309000,1.13669,1.13659,1000000,1500000
2016-06-05 21:55:11.874000,1.13668,1.13659,1000000,1000000
2016-06-05 21:55:15.327000,1.13668,1.13658,1000000,1000000
2016-06-05 21:55:20.681000,1.13669,1.13659,1000000,1000000
2016-06-05 21:55:21.187000,1.13668,1.13658,1000000,2250000
2016-06-05 21:55:21.703000,1.13668,1.13659,1000000,1000000
2016-06-05 21:56:03.609000,1.13668,1.13661,1000000,1000000
2016-06-05 21:56:03.913000,1.13670,1.13663,1000000,1870000
2016-06-05 21:56:04.929000,1.13671,1.13663,3750000,1870000
2016-06-05 21:56:21.680000,1.13672,1.13664,4500000,1120000
2016-06-05 21:56:21.985000,1.13671,1.13665,1500000,1500000
2016-06-05 21:56:22.546000,1.13671,1.13663,4500000,1370000
2016-06-05 21:56:26.789000,1.13672,1.13662,6000000,1870000
2016-06-05 21:56:27.363000,1.13671,1.13662,1500000,3370000
2016-06-05 21:57:01.509000,1.13670,1.13662,1000000,1870000
2016-06-05 21:57:06.019000,1.13669,1.13661,1000000,2620000
2016-06-05 21:57:06.878000,1.13670,1.13661,1250000,1870000
2016-06-05 21:57:07.421000,1.13669,1.13661,1000000,1870000
2016-06-05 21:57:15.279000,1.13668,1.13661,1000000,1370000
2016-06-05 21:57:25.411000,1.13670,1.13663,1250000,1370000
2016-06-05 21:57:25.513000,1.13670,1.13663,1250000,4500000
2016-06-05 21:57:26.116000,1.13669,1.13666,1000000,1370000
2016-06-05 21:57:49.415000,1.13670,1.13666,1250000,1370000
2016-06-05 21:57:51.213000,1.13669,1.13666,1000000,1370000
2016-06-05 21:57:51.365000,1.13671,1.13666,4500000,1370000
2016-06-05 21:57:56.216000,1.13671,1.13666,4690000,1370000
2016-06-05 21:57:56.865000,1.13671,1.13666,2250000,1370000
2016-06-05 21:57:58.402000,1.13671,1.13666,5440000,1370000
2016-06-05 21:58:01.268000,1.13671,1.13666,3750000,1370000
2016-06-05 21:58:03.724000,1.13670,1.13666,1000000,1870000
2016-06-05 21:58:03.776000,1.13672,1.13666,1000000,1750000
2016-06-05 21:58:03.980000,1.13670,1.13666,1000000,1000000
2016-06-05 21:58:04.031000,1.13669,1.13662,1000000,1500000
2016-06-05 21:58:04.133000,1.13669,1.13660,1000000,1000000
2016-06-05 21:58:04.236000,1.13665,1.13657,1000000,1000000
2016-06-05 21:58:04.557000,1.13662,1.13654,1000000,1000000
2016-06-05 21:58:08.794000,1.13661,1.13648,1000000,1000000
2016-06-05 21:58:10.094000,1.13663,1.13649,1000000,1000000
2016-06-05 21:58:11.727000,1.13660,1.13646,1000000,2620000
2016-06-05 21:58:11.779000,1.13656,1.13646,1000000,1500000
2016-06-05 21:58:20.674000,1.13659,1.13646,1690000,1500000
2016-06-05 21:58:20.726000,1.13659,1.13651,1190000,1000000
2016-06-05 21:58:24.934000,1.13659,1.13653,1190000,1000000
2016-06-05 21:58:25.239000,1.13659,1.13656,1000000,1000000
2016-06-05 21:58:29.345000,1.13660,1.13656,1500000,1500000
2016-06-05 21:58:30.023000,1.13660,1.13657,1000000,1000000
2016-06-05 21:58:33.925000,1.13660,1.13658,1000000,1000000
2016-06-05 21:58:35.914000,1.13660,1.13659,1000000,1000000
2016-06-05 21:58:36.464000,1.13661,1.13660,1000000,1500000
2016-06-05 21:58:37.217000,1.13661,1.13660,1000000,1500000
2016-06-05 21:58:38.312000,1.13661,1.13659,1000000,1500000
2016-06-05 21:58:38.667000,1.13667,1.13664,1250000,1000000
2016-06-05 21:58:38.971000,1.13669,1.13664,1250000,1500000
2016-06-05 21:58:39.672000,1.13670,1.13664,1000000,1500000
2016-06-05 21:59:12.964000,1.13670,1.13663,750000,2250000
2016-06-05 21:59:13.542000,1.13670,1.13664,750000,1500000
2016-06-05 21:59:14.170000,1.13670,1.13663,750000,2250000
2016-06-05 21:59:14.695000,1.13670,1.13664,750000,1500000
2016-06-05 21:59:15.249000,1.13670,1.13665,750000,750000
2016-06-05 21:59:17.149000,1.13670,1.13664,750000,1500000
2016-06-05 21:59:17.650000,1.13670,1.13665,750000,1500000
2016-06-05 21:59:19.456000,1.13670,1.13663,750000,2250000
2016-06-05 21:59:19.996000,1.13670,1.13664,750000,1500000
2016-06-05 21:59:21.057000,1.13670,1.13663,750000,2250000
2016-06-05 21:59:21.571000,1.13670,1.13664,750000,1500000
2016-06-05 21:59:22.763000,1.13670,1.13663,750000,2250000
2016-06-05 21:59:23.425000,1.13670,1.13664,750000,1500000
2016-06-05 21:59:23.969000,1.13670,1.13665,750000,750000
2016-06-05 21:59:35.731000,1.13670,1.13664,750000,1500000
2016-06-05 21:59:36.435000,1.13671,1.13664,3000000,1500000
2016-06-05 21:59:37.512000,1.13671,1.13663,1500000,2250000
2016-06-05 21:59:38.020000,1.13671,1.13664,2250000,1500000
2016-06-05 21:59:42.305000,1.13671,1.13666,1500000,750000
2016-06-05 21:59:43.323000,1.13671,1.13665,2250000,1500000
2016-06-05 21:59:43.844000,1.13671,1.13666,3750000,750000
2016-06-05 21:59:47.032000,1.13671,1.13667,4500000,750000
2016-06-05 21:59:48.521000,1.13671,1.13666,3750000,2250000
2016-06-05 21:59:51.640000,1.13671,1.13667,2250000,750000
2016-06-05 21:59:52.677000,1.13671,1.13666,3750000,1500000
2016-06-05 21:59:52.779000,1.13668,1.13661,750000,750000
2016-06-05 21:59:53.279000,1.13666,1.13659,190000,100000
2016-06-05 21:59:53.967000,1.13665,1.13659,940000,100000
2016-06-05 21:59:59.341000,1.13667,1.13659,940000,2250000
2016-06-05 22:00:00.546000,1.13666,1.13659,190000,100000
2016-06-05 22:00:03.859000,1.13666,1.13664,190000,750000
2016-06-05 22:00:04.179000,1.13669,1.13667,750000,1500000
2016-06-05 22:00:04.281000,1.13671,1.13662,9560000,750000
2016-06-05 22:00:04.433000,1.13671,1.13666,8810000,750000
2016-06-05 22:00:04.737000,1.13671,1.13664,6370000,1500000
2016-06-05 22:00:04.990000,1.13671,1.13662,5250000,750000
2016-06-05 22:00:05.511000,1.13671,1.13663,6370000,750000
2016-06-05 22:00:07.170000,1.13670,1.13663,750000,750000
2016-06-05 22:00:07.271000,1.13668,1.13660,750000,750000
2016-06-05 22:00:07.810000,1.13667,1.13659,940000,750000
2016-06-05 22:00:08.323000,1.13666,1.13659,750000,750000
2016-06-05 22:00:08.680000,1.13664,1.13658,750000,100000
2016-06-05 22:00:09.348000,1.13664,1.13656,940000,1270000
2016-06-05 22:00:10.124000,1.13664,1.13658,940000,750000
2016-06-05 22:00:10.630000,1.13665,1.13658,750000,1500000
2016-06-05 22:00:12.655000,1.13666,1.13658,3000000,1500000
2016-06-05 22:00:13.384000,1.13666,1.13659,3000000,750000
2016-06-05 22:00:13.687000,1.13666,1.13664,750000,750000
2016-06-05 22:00:13.789000,1.13668,1.13664,940000,2250000
2016-06-05 22:00:16.157000,1.13669,1.13664,1500000,2250000
2016-06-05 22:00:16.963000,1.13669,1.13663,750000,750000
2016-06-05 22:00:17.014000,1.13669,1.13661,750000,2250000
2016-06-05 22:00:17.521000,1.13668,1.13661,190000,1500000
2016-06-05 22:00:17.927000,1.13666,1.13661,750000,1500000
2016-06-05 22:00:18.232000,1.13667,1.13663,750000,3000000
2016-06-05 22:00:18.793000,1.13668,1.13667,750000,1500000
2016-06-05 22:00:18.895000,1.13670,1.13668,1500000,1500000
2016-06-05 22:00:19.099000,1.13671,1.13665,2890000,1500000
2016-06-05 22:00:19.150000,1.13670,1.13660,750000,5320000
2016-06-05 22:00:19.472000,1.13668,1.13660,750000,3820000
2016-06-05 22:00:20.015000,1.13668,1.13663,750000,100000
2016-06-05 22:00:20.548000,1.13667,1.13663,750000,100000
2016-06-05 22:00:22.462000,1.13668,1.13663,3000000,100000
2016-06-05 22:00:23.035000,1.13667,1.13663,750000,100000
2016-06-05 22:00:23.505000,1.13669,1.13663,5440000,100000
2016-06-05 22:00:23.556000,1.13666,1.13663,750000,100000
2016-06-05 22:00:24.663000,1.13667,1.13663,1500000,100000
2016-06-05 22:00:24.917000,1.13669,1.13663,3190000,100000
2016-06-05 22:00:25.434000,1.13668,1.13663,750000,100000
2016-06-05 22:00:27.320000,1.13667,1.13663,1500000,100000
2016-06-05 22:00:27.826000,1.13666,1.13663,750000,100000
2016-06-05 22:00:28.468000,1.13667,1.13663,3000000,100000
2016-06-05 22:00:28.873000,1.13665,1.13663,750000,100000
2016-06-05 22:00:28.924000,1.13665,1.13660,750000,1500000
2016-06-05 22:00:29.076000,1.13665,1.13656,3000000,1350000
2016-06-05 22:00:29.380000,1.13663,1.13655,750000,1500000
2016-06-05 22:00:29.911000,1.13664,1.13655,750000,3000000
2016-06-05 22:00:30.215000,1.13665,1.13657,750000,1500000
2016-06-05 22:00:30.520000,1.13666,1.13659,750000,750000
2016-06-05 22:00:30.672000,1.13668,1.13657,820000,4500000
2016-06-05 22:00:30.774000,1.13665,1.13658,750000,2250000
2016-06-05 22:00:31.220000,1.13667,1.13657,100000,750000
2016-06-05 22:00:31.728000,1.13666,1.13658,750000,2250000
2016-06-05 22:00:32.233000,1.13667,1.13658,100000,750000
2016-06-05 22:00:32.746000,1.13666,1.13658,100000,1500000
2016-06-05 22:00:33.154000,1.13666,1.13660,750000,2250000
2016-06-05 22:00:33.681000,1.13667,1.13661,940000,750000
2016-06-05 22:00:34.265000,1.13667,1.13660,260000,3000000
2016-06-05 22:00:36.641000,1.13668,1.13660,2510000,3000000
2016-06-05 22:00:39.028000,1.13667,1.13660,190000,3750000
2016-06-05 22:00:39.332000,1.13665,1.13660,750000,750000
2016-06-05 22:00:39.850000,1.13664,1.13660,750000,750000
2016-06-05 22:00:41.528000,1.13660,1.13659,750000,6000000
2016-06-05 22:00:41.681000,1.13652,1.13649,3000000,1500000
2016-06-05 22:00:41.884000,1.13651,1.13645,940000,1500000
2016-06-05 22:00:42.390000,1.13652,1.13644,2250000,900000
2016-06-05 22:00:42.491000,1.13652,1.13648,1500000,750000
2016-06-05 22:00:42.593000,1.13654,1.13649,750000,1500000
2016-06-05 22:00:42.644000,1.13656,1.13650,2250000,100000
2016-06-05 22:00:42.846000,1.13653,1.13650,750000,1570000
2016-06-05 22:00:43.001000,1.13652,1.13646,3750000,750000
2016-06-05 22:00:43.802000,1.13652,1.13645,3750000,750000
2016-06-05 22:00:44.311000,1.13652,1.13646,2250000,750000
2016-06-05 22:00:44.817000,1.13651,1.13645,750000,750000
2016-06-05 22:00:45.369000,1.13651,1.13646,750000,750000
2016-06-05 22:00:46.927000,1.13650,1.13646,750000,750000
2016-06-05 22:00:47.429000,1.13651,1.13646,750000,750000
2016-06-05 22:00:48.334000,1.13650,1.13646,750000,750000
2016-06-05 22:00:49.136000,1.13651,1.13647,1500000,750000
2016-06-05 22:00:49.415000,1.13649,1.13646,750000,820000
2016-06-05 22:00:49.467000,1.13649,1.13644,2250000,820000
2016-06-05 22:00:49.721000,1.13649,1.13641,3000000,100000
2016-06-05 22:00:49.977000,1.13650,1.13643,2440000,750000
2016-06-05 22:00:50.483000,1.13649,1.13644,750000,750000
2016-06-05 22:00:50.585000,1.13649,1.13642,750000,750000
2016-06-05 22:00:50.810000,1.13649,1.13644,750000,750000
2016-06-05 22:00:51.115000,1.13646,1.13645,750000,750000
2016-06-05 22:00:51.166000,1.13648,1.13642,1500000,750000
2016-06-05 22:00:51.370000,1.13648,1.13644,1500000,750000
2016-06-05 22:00:51.623000,1.13650,1.13644,750000,750000
2016-06-05 22:00:51.977000,1.13649,1.13646,750000,750000
2016-06-05 22:00:52.079000,1.13649,1.13643,750000,1500000
2016-06-05 22:00:52.395000,1.13650,1.13645,750000,750000
2016-06-05 22:00:52.800000,1.13649,1.13642,750000,750000
2016-06-05 22:00:53.003000,1.13648,1.13645,750000,750000
2016-06-05 22:00:53.105000,1.13648,1.13641,750000,1760000
2016-06-05 22:00:53.738000,1.13649,1.13642,1500000,100000
2016-06-05 22:00:54.297000,1.13648,1.13642,750000,1570000
2016-06-05 22:00:54.653000,1.13646,1.13642,750000,2250000
2016-06-05 22:00:55.091000,1.13648,1.13640,3750000,820000
2016-06-05 22:00:55.142000,1.13646,1.13640,750000,820000
2016-06-05 22:00:55.345000,1.13648,1.13640,4500000,3820000
2016-06-05 22:00:55.396000,1.13648,1.13642,3000000,750000
2016-06-05 22:00:55.903000,1.13649,1.13642,3750000,750000
2016-06-05 22:00:56.409000,1.13648,1.13643,750000,750000
2016-06-05 22:00:56.606000,1.13649,1.13641,750000,1500000
2016-06-05 22:00:56.911000,1.13649,1.13644,750000,750000
2016-06-05 22:00:57.318000,1.13649,1.13642,1500000,750000
2016-06-05 22:00:57.521000,1.13649,1.13644,750000,750000
2016-06-05 22:00:57.825000,1.13649,1.13642,750000,750000
2016-06-05 22:00:58.362000,1.13649,1.13641,750000,3940000
2016-06-05 22:00:58.464000,1.13649,1.13643,750000,750000
2016-06-05 22:00:58.971000,1.13649,1.13642,1500000,750000
2016-06-05 22:00:59.812000,1.13650,1.13644,1500000,750000
2016-06-05 22:01:00.517000,1.13649,1.13644,750000,750000
2016-06-05 22:01:00.568000,1.13649,1.13642,750000,750000
2016-06-05 22:01:01.539000,1.13650,1.13642,750000,820000
2016-06-05 22:01:01.691000,1.13650,1.13644,1500000,750000
2016-06-05 22:01:01.996000,1.13648,1.13643,750000,750000
2016-06-05 22:01:02.097000,1.13649,1.13641,750000,1500000
2016-06-05 22:01:02.199000,1.13649,1.13643,750000,750000
2016-06-05 22:01:02.727000,1.13649,1.13642,750000,750000
2016-06-05 22:01:03.254000,1.13650,1.13642,750000,750000
2016-06-05 22:01:03.797000,1.13649,1.13643,750000,750000
2016-06-05 22:01:04.303000,1.13648,1.13642,750000,750000
2016-06-05 22:01:04.644000,1.13649,1.13644,750000,750000
2016-06-05 22:01:05.178000,1.13650,1.13644,1500000,750000
2016-06-05 22:01:06.203000,1.13650,1.13645,750000,750000
2016-06-05 22:01:06.775000,1.13651,1.13645,1500000,750000
2016-06-05 22:01:07.284000,1.13651,1.13644,1500000,750000
2016-06-05 22:01:07.949000,1.13651,1.13645,1570000,750000
2016-06-05 22:01:10.174000,1.13651,1.13644,1570000,750000
2016-06-05 22:01:10.679000,1.13651,1.13645,1570000,750000
2016-06-05 22:01:16.015000,1.13651,1.13644,1500000,750000
2016-06-05 22:01:16.521000,1.13651,1.13645,1500000,750000
2016-06-05 22:01:20.635000,1.13651,1.13644,750000,750000
2016-06-05 22:01:21.463000,1.13651,1.13645,750000,750000
2016-06-05 22:01:24.009000,1.13651,1.13644,750000,820000
2016-06-05 22:01:24.525000,1.13652,1.13644,8440000,820000
2016-06-05 22:01:25.031000,1.13652,1.13645,8440000,750000
2016-06-05 22:01:25.650000,1.13652,1.13644,8440000,820000
2016-06-05 22:01:26.172000,1.13651,1.13644,750000,820000
2016-06-05 22:01:29.041000,1.13652,1.13644,7690000,820000
2016-06-05 22:01:33.113000,1.13652,1.13645,4500000,100000
2016-06-05 22:01:33.469000,1.13652,1.13647,2250000,100000
2016-06-05 22:01:33.976000,1.13651,1.13648,750000,100000
2016-06-05 22:01:34.027000,1.13651,1.13645,750000,820000
2016-06-05 22:01:34.230000,1.13652,1.13648,940000,100000
2016-06-05 22:01:34.604000,1.13651,1.13646,750000,820000
2016-06-05 22:01:35.111000,1.13652,1.13646,5440000,100000
2016-06-05 22:01:35.465000,1.13651,1.13644,750000,820000
2016-06-05 22:01:36.152000,1.13652,1.13644,6000000,820000
2016-06-05 22:01:36.689000,1.13652,1.13645,6750000,100000
2016-06-05 22:01:37.246000,1.13651,1.13645,750000,100000
2016-06-05 22:01:37.449000,1.13651,1.13643,750000,1570000
2016-06-05 22:01:37.982000,1.13651,1.13644,750000,750000
2016-06-05 22:01:38.310000,1.13648,1.13643,750000,820000
2016-06-05 22:01:39.393000,1.13647,1.13643,750000,820000
2016-06-05 22:01:40.023000,1.13646,1.13643,750000,820000
2016-06-05 22:01:40.268000,1.13649,1.13643,3000000,100000
2016-06-05 22:01:40.471000,1.13651,1.13643,6000000,100000
2016-06-05 22:01:41.129000,1.13651,1.13645,3000000,750000
2016-06-05 22:01:41.661000,1.13651,1.13643,3000000,820000
2016-06-05 22:01:42.217000,1.13651,1.13644,3000000,750000
2016-06-05 22:01:42.622000,1.13650,1.13642,750000,4500000
2016-06-05 22:01:46.426000,1.13650,1.13643,750000,750000
2016-06-05 22:01:46.949000,1.13650,1.13644,750000,100000
2016-06-05 22:01:47.050000,1.13651,1.13646,750000,750000
2016-06-05 22:01:47.585000,1.13651,1.13647,750000,1500000
2016-06-05 22:01:47.889000,1.13651,1.13649,750000,750000
2016-06-05 22:01:48.711000,1.13651,1.13648,750000,750000
2016-06-05 22:01:49.236000,1.13651,1.13649,750000,750000
2016-06-05 22:01:51.093000,1.13651,1.13648,750000,750000
2016-06-05 22:01:51.654000,1.13652,1.13649,750000,750000
2016-06-05 22:01:52.210000,1.13652,1.13648,750000,750000
2016-06-05 22:01:55.069000,1.13651,1.13648,750000,1500000
2016-06-05 22:01:56.366000,1.13649,1.13646,750000,750000
2016-06-05 22:01:56.873000,1.13650,1.13646,750000,750000
2016-06-05 22:01:57.870000,1.13651,1.13647,3000000,750000
2016-06-05 22:01:58.174000,1.13649,1.13645,4500000,750000
2016-06-05 22:02:00.464000,1.13649,1.13644,750000,820000
2016-06-05 22:02:01.075000,1.13649,1.13645,750000,750000
2016-06-05 22:02:02.331000,1.13649,1.13646,750000,750000
2016-06-05 22:02:05.893000,1.13650,1.13646,3750000,1500000
2016-06-05 22:02:06.442000,1.13651,1.13647,3750000,750000
2016-06-05 22:02:06.950000,1.13651,1.13646,1500000,2250000
2016-06-05 22:02:07.513000,1.13650,1.13647,750000,750000
2016-06-05 22:02:07.665000,1.13650,1.13645,750000,750000
2016-06-05 22:02:08.966000,1.13651,1.13645,3000000,1500000
2016-06-05 22:02:09.500000,1.13650,1.13645,2250000,750000
2016-06-05 22:02:10.109000,1.13649,1.13645,750000,750000
2016-06-05 22:02:10.211000,1.13647,1.13643,750000,750000
2016-06-05 22:02:10.534000,1.13651,1.13643,750000,3000000
2016-06-05 22:02:11.053000,1.13651,1.13644,750000,2250000
2016-06-05 22:02:11.561000,1.13650,1.13644,1500000,750000
2016-06-05 22:02:12.100000,1.13651,1.13645,1500000,750000
2016-06-05 22:02:12.607000,1.13650,1.13646,750000,750000
2016-06-05 22:02:12.709000,1.13650,1.13644,750000,750000
2016-06-05 22:02:13.013000,1.13650,1.13646,750000,750000
2016-06-05 22:02:13.591000,1.13651,1.13645,3750000,1500000
2016-06-05 22:02:14.099000,1.13650,1.13644,750000,2440000
2016-06-05 22:02:14.403000,1.13651,1.13646,3750000,750000
2016-06-05 22:02:14.904000,1.13650,1.13646,750000,750000
2016-06-05 22:02:15.438000,1.13650,1.13645,750000,750000
2016-06-05 22:02:15.773000,1.13650,1.13647,750000,750000
2016-06-05 22:02:15.823000,1.13652,1.13646,3000000,750000
2016-06-05 22:02:16.368000,1.13652,1.13647,3000000,750000
2016-06-05 22:02:16.702000,1.13652,1.13649,3000000,750000
2016-06-05 22:02:17.270000,1.13651,1.13649,750000,750000
2016-06-05 22:02:18.125000,1.13651,1.13648,750000,750000
2016-06-05 22:02:18.631000,1.13650,1.13646,750000,750000
2016-06-05 22:02:18.935000,1.13650,1.13648,750000,750000
2016-06-05 22:02:19.454000,1.13650,1.13649,1500000,750000
2016-06-05 22:02:19.759000,1.13649,1.13647,750000,750000
2016-06-05 22:02:20.285000,1.13650,1.13648,1500000,750000
2016-06-05 22:02:20.564000,1.13649,1.13645,750000,750000
2016-06-05 22:02:20.616000,1.13651,1.13645,3750000,750000
2016-06-05 22:02:21.179000,1.13650,1.13645,750000,2250000
2016-06-05 22:02:21.382000,1.13650,1.13648,750000,750000
2016-06-05 22:02:22.412000,1.13651,1.13648,3750000,750000
2016-06-05 22:02:25.195000,1.13651,1.13647,750000,750000
2016-06-05 22:02:26.068000,1.13651,1.13645,750000,1500000
2016-06-05 22:02:30.213000,1.13652,1.13645,3750000,750000
2016-06-05 22:02:40.737000,1.13651,1.13645,750000,750000
2016-06-05 22:02:43.744000,1.13652,1.13645,3000000,750000
2016-06-05 22:02:51.116000,1.13652,1.13644,750000,3190000
2016-06-05 22:02:51.635000,1.13652,1.13645,750000,750000
2016-06-05 22:02:52.142000,1.13651,1.13645,750000,750000
2016-06-05 22:02:52.649000,1.13651,1.13644,750000,940000
2016-06-05 22:02:53.152000,1.13653,1.13644,11620000,940000
2016-06-05 22:02:53.254000,1.13651,1.13644,750000,1690000
2016-06-05 22:02:54.064000,1.13652,1.13645,750000,750000
2016-06-05 22:02:55.070000,1.13651,1.13645,750000,2250000
2016-06-05 22:02:57.477000,1.13651,1.13644,750000,6940000
2016-06-05 22:02:58.002000,1.13650,1.13645,370000,750000
2016-06-05 22:03:00.982000,1.13650,1.13644,370000,3940000
2016-06-05 22:03:01.054000,1.13653,1.13646,5620000,750000
2016-06-05 22:03:02.390000,1.13653,1.13645,5250000,3000000
2016-06-05 22:03:02.898000,1.13653,1.13647,4500000,750000
2016-06-05 22:03:03.171000,1.13652,1.13645,750000,370000
2016-06-05 22:03:03.835000,1.13653,1.13646,7500000,750000
2016-06-05 22:03:05.379000,1.13653,1.13647,3000000,750000
2016-06-05 22:03:05.885000,1.13652,1.13647,750000,750000
2016-06-05 22:03:05.936000,1.13653,1.13648,1500000,1500000
2016-06-05 22:03:06.181000,1.13660,1.13652,1500000,2250000
2016-06-05 22:03:06.232000,1.13660,1.13654,1500000,100000
2016-06-05 22:03:06.334000,1.13664,1.13654,3000000,820000
2016-06-05 22:03:06.588000,1.13663,1.13656,750000,750000
2016-06-05 22:03:06.640000,1.13666,1.13657,3000000,750000
2016-06-05 22:03:06.742000,1.13662,1.13657,750000,750000
2016-06-05 22:03:06.844000,1.13665,1.13656,3000000,3750000
2016-06-05 22:03:07.048000,1.13666,1.13658,3000000,750000
2016-06-05 22:03:07.587000,1.13666,1.13656,4500000,5250000
2016-06-05 22:03:07.638000,1.13666,1.13659,3750000,1500000
2016-06-05 22:03:07.943000,1.13666,1.13661,750000,1500000
2016-06-05 22:03:07.993000,1.13669,1.13661,3750000,2250000
2016-06-05 22:03:08.349000,1.13672,1.13662,2250000,750000
2016-06-05 22:03:08.722000,1.13670,1.13661,750000,3750000
2016-06-05 22:03:09.229000,1.13670,1.13660,1500000,750000
2016-06-05 22:03:09.735000,1.13672,1.13661,3750000,2250000
2016-06-05 22:03:09.977000,1.13672,1.13663,750000,750000
2016-06-05 22:03:10.092000,1.13674,1.13664,1500000,750000
2016-06-05 22:03:10.599000,1.13674,1.13665,3750000,1500000
2016-06-05 22:03:10.803000,1.13673,1.13663,3000000,3000000
2016-06-05 22:03:11.057000,1.13673,1.13665,750000,750000
2016-06-05 22:03:11.234000,1.13673,1.13663,1500000,3000000
2016-06-05 22:03:11.336000,1.13671,1.13663,750000,1500000
2016-06-05 22:03:11.490000,1.13671,1.13661,750000,1500000
2016-06-05 22:03:11.541000,1.13673,1.13662,3750000,750000
2016-06-05 22:03:12.047000,1.13672,1.13662,1500000,750000
2016-06-05 22:03:12.461000,1.13674,1.13663,1500000,1500000
2016-06-05 22:03:12.548000,1.13671,1.13663,750000,750000
2016-06-05 22:03:12.853000,1.13672,1.13661,2250000,2250000
2016-06-05 22:03:13.056000,1.13673,1.13664,2250000,750000
2016-06-05 22:03:13.107000,1.13675,1.13664,750000,2250000
2016-06-05 22:03:13.462000,1.13674,1.13662,1500000,3000000
2016-06-05 22:03:13.743000,1.13676,1.13663,1500000,750000
2016-06-05 22:03:13.869000,1.13674,1.13664,1500000,1500000
2016-06-05 22:03:14.072000,1.13676,1.13663,750000,2250000
2016-06-05 22:03:14.377000,1.13674,1.13663,1500000,2250000
2016-06-05 22:03:14.580000,1.13677,1.13664,2250000,750000
2016-06-05 22:03:14.783000,1.13674,1.13664,750000,2250000
2016-06-05 22:03:15.059000,1.13677,1.13662,750000,6000000
2016-06-05 22:03:15.162000,1.13679,1.13663,2250000,1500000
2016-06-05 22:03:15.375000,1.13679,1.13666,1500000,1500000
2016-06-05 22:03:15.630000,1.13684,1.13668,3750000,1500000
2016-06-05 22:03:15.681000,1.13685,1.13670,750000,2250000
2016-06-05 22:03:15.783000,1.13687,1.13670,5250000,4500000
2016-06-05 22:03:16.122000,1.13687,1.13672,1500000,750000
2016-06-05 22:03:16.428000,1.13688,1.13674,1500000,1500000
2016-06-05 22:03:16.886000,1.13687,1.13677,750000,750000
2016-06-05 22:03:16.988000,1.13690,1.13676,1500000,750000
2016-06-05 22:03:17.411000,1.13688,1.13677,750000,2250000
2016-06-05 22:03:17.514000,1.13689,1.13675,2250000,2250000
2016-06-05 22:03:17.565000,1.13687,1.13677,750000,750000
2016-06-05 22:03:17.870000,1.13688,1.13675,750000,1500000
2016-06-05 22:03:17.972000,1.13687,1.13677,750000,750000
2016-06-05 22:03:18.073000,1.13689,1.13675,2250000,3000000
2016-06-05 22:03:18.277000,1.13687,1.13677,750000,750000
2016-06-05 22:03:18.481000,1.13689,1.13677,3000000,2250000
2016-06-05 22:03:18.583000,1.13687,1.13677,750000,750000
2016-06-05 22:03:18.851000,1.13690,1.13675,4130000,2250000
2016-06-05 22:03:18.902000,1.13688,1.13678,750000,750000
2016-06-05 22:03:19.409000,1.13689,1.13677,750000,1500000
2016-06-05 22:03:19.714000,1.13690,1.13680,750000,750000
2016-06-05 22:03:20.112000,1.13692,1.13684,750000,2250000
2016-06-05 22:03:20.619000,1.13695,1.13683,380000,3000000
2016-06-05 22:03:21.076000,1.13695,1.13686,1130000,1500000
2016-06-05 22:03:21.178000,1.13694,1.13684,750000,1500000
2016-06-05 22:03:21.525000,1.13695,1.13682,380000,3750000
2016-06-05 22:03:21.780000,1.13696,1.13685,380000,2250000
2016-06-05 22:03:22.288000,1.13695,1.13687,380000,750000
2016-06-05 22:03:22.797000,1.13695,1.13685,380000,750000
2016-06-05 22:03:22.966000,1.13695,1.13686,370000,2250000
2016-06-05 22:03:23.477000,1.13696,1.13685,370000,2250000
2016-06-05 22:03:23.884000,1.13696,1.13687,370000,750000
2016-06-05 22:03:24.120000,1.13695,1.13685,370000,2250000
2016-06-05 22:03:24.833000,1.13695,1.13684,370000,3000000
2016-06-05 22:03:25.340000,1.13695,1.13685,1120000,1500000
2016-06-05 22:03:25.696000,1.13695,1.13683,370000,4500000
2016-06-05 22:03:26.013000,1.13695,1.13685,1120000,3000000
2016-06-05 22:03:26.521000,1.13695,1.13684,370000,1500000
2016-06-05 22:03:27.079000,1.13695,1.13685,1120000,750000
2016-06-05 22:03:27.720000,1.13695,1.13683,370000,2250000
2016-06-05 22:03:27.872000,1.13695,1.13685,1120000,750000
2016-06-05 22:03:27.975000,1.13695,1.13683,370000,8250000
2016-06-05 22:03:28.026000,1.13695,1.13685,370000,1500000
2016-06-05 22:03:28.331000,1.13691,1.13684,750000,750000
2016-06-05 22:03:28.863000,1.13691,1.13685,750000,3000000
2016-06-05 22:03:29.219000,1.13695,1.13686,370000,750000
2016-06-05 22:03:29.423000,1.13695,1.13684,370000,3750000
2016-06-05 22:03:29.474000,1.13695,1.13686,370000,750000
2016-06-05 22:03:29.677000,1.13695,1.13684,370000,3000000
2016-06-05 22:03:29.779000,1.13695,1.13686,370000,750000
2016-06-05 22:03:30.341000,1.13695,1.13684,370000,750000
2016-06-05 22:03:30.696000,1.13693,1.13684,750000,3000000
2016-06-05 22:03:30.848000,1.13695,1.13684,1120000,750000
2016-06-05 22:03:31.102000,1.13692,1.13682,1500000,1500000
2016-06-05 22:03:31.204000,1.13692,1.13680,750000,1500000
2016-06-05 22:03:31.306000,1.13689,1.13679,750000,750000
2016-06-05 22:03:31.408000,1.13693,1.13678,3000000,2250000
2016-06-05 22:03:31.680000,1.13689,1.13679,750000,3000000
2016-06-05 22:03:31.934000,1.13692,1.13679,750000,2250000
2016-06-05 22:03:32.087000,1.13688,1.13678,750000,3000000
2016-06-05 22:03:32.193000,1.13690,1.13678,1500000,3000000
2016-06-05 22:03:32.276000,1.13692,1.13679,750000,750000
2016-06-05 22:03:32.428000,1.13694,1.13680,750000,5620000
2016-06-05 22:03:32.631000,1.13695,1.13682,1870000,2250000
2016-06-05 22:03:33.002000,1.13693,1.13683,750000,3000000
2016-06-05 22:03:33.256000,1.13695,1.13682,1120000,3000000
2016-06-05 22:03:33.409000,1.13694,1.13680,1500000,750000
2016-06-05 22:03:33.511000,1.13690,1.13680,750000,8250000
2016-06-05 22:03:33.613000,1.13693,1.13681,750000,1500000
2016-06-05 22:03:33.817000,1.13691,1.13681,750000,1500000
2016-06-05 22:03:33.918000,1.13695,1.13681,4500000,750000
2016-06-05 22:03:34.488000,1.13691,1.13681,750000,4500000
2016-06-05 22:03:34.793000,1.13693,1.13681,3000000,1500000
2016-06-05 22:03:34.844000,1.13691,1.13680,750000,750000
2016-06-05 22:03:34.996000,1.13694,1.13682,1500000,750000
2016-06-05 22:03:35.048000,1.13694,1.13680,1500000,3000000
2016-06-05 22:03:35.099000,1.13691,1.13681,750000,750000
2016-06-05 22:03:35.404000,1.13695,1.13682,2620000,1500000
2016-06-05 22:03:35.557000,1.13692,1.13681,1500000,750000
2016-06-05 22:03:35.720000,1.13694,1.13682,750000,2250000
2016-06-05 22:03:35.924000,1.13690,1.13683,750000,3000000
2016-06-05 22:03:35.975000,1.13694,1.13683,1500000,3000000
2016-06-05 22:03:36.026000,1.13694,1.13681,750000,1500000
2016-06-05 22:03:36.179000,1.13691,1.13682,750000,1500000
2016-06-05 22:03:36.331000,1.13693,1.13680,1500000,2250000
2016-06-05 22:03:36.484000,1.13691,1.13681,750000,750000
2016-06-05 22:03:36.687000,1.13693,1.13680,750000,750000
2016-06-05 22:03:37.217000,1.13694,1.13681,3000000,2250000
2016-06-05 22:03:37.289000,1.13692,1.13682,750000,1500000
2016-06-05 22:03:37.441000,1.13694,1.13681,2250000,2250000
2016-06-05 22:03:37.542000,1.13692,1.13680,750000,750000
2016-06-05 22:03:37.644000,1.13694,1.13680,1500000,1500000
2016-06-05 22:03:37.695000,1.13691,1.13681,750000,750000
2016-06-05 22:03:37.847000,1.13693,1.13681,1500000,2250000
2016-06-05 22:03:38.050000,1.13691,1.13679,750000,2250000
2016-06-05 22:03:38.303000,1.13693,1.13680,2250000,1500000
2016-06-05 22:03:38.405000,1.13691,1.13681,750000,1500000
2016-06-05 22:03:38.558000,1.13693,1.13680,2250000,1500000
2016-06-05 22:03:38.769000,1.13692,1.13682,3000000,750000
2016-06-05 22:03:38.921000,1.13692,1.13680,750000,4870000
2016-06-05 22:03:39.429000,1.13691,1.13680,1500000,1500000
2016-06-05 22:03:39.531000,1.13690,1.13678,1500000,1500000
2016-06-05 22:03:39.582000,1.13690,1.13680,2250000,750000
2016-06-05 22:03:39.937000,1.13690,1.13678,3370000,1500000
2016-06-05 22:03:40.440000,1.13690,1.13677,3370000,2250000
2016-06-05 22:03:40.493000,1.13690,1.13680,4120000,750000
2016-06-05 22:03:40.645000,1.13692,1.13679,750000,1500000
2016-06-05 22:03:40.799000,1.13689,1.13679,750000,2250000
2016-06-05 22:03:41.003000,1.13691,1.13678,1500000,750000
2016-06-05 22:03:41.207000,1.13689,1.13679,750000,750000
2016-06-05 22:03:41.783000,1.13690,1.13680,750000,750000
2016-06-05 22:03:42.292000,1.13690,1.13679,2250000,1500000
2016-06-05 22:03:42.897000,1.13689,1.13680,750000,750000
2016-06-05 22:03:43.101000,1.13691,1.13680,2250000,750000
2016-06-05 22:03:43.621000,1.13690,1.13681,750000,750000
2016-06-05 22:03:43.976000,1.13683,1.13681,750000,750000
2016-06-05 22:03:44.179000,1.13676,1.13668,750000,1500000
2016-06-05 22:03:44.541000,1.13676,1.13666,750000,1500000
2016-06-05 22:03:44.817000,1.13677,1.13668,750000,750000
2016-06-05 22:03:45.325000,1.13677,1.13667,750000,1500000
2016-06-05 22:03:45.868000,1.13677,1.13669,750000,750000
2016-06-05 22:03:46.123000,1.13675,1.13666,750000,3000000
2016-06-05 22:03:46.224000,1.13675,1.13668,750000,750000
2016-06-05 22:03:46.529000,1.13672,1.13666,750000,3750000
2016-06-05 22:03:46.630000,1.13672,1.13664,750000,2620000
2016-06-05 22:03:46.884000,1.13672,1.13662,750000,4870000
2016-06-05 22:03:47.036000,1.13672,1.13664,750000,1500000
2016-06-05 22:03:47.579000,1.13672,1.13663,750000,750000
2016-06-05 22:03:48.238000,1.13672,1.13664,750000,750000
2016-06-05 22:03:48.819000,1.13672,1.13665,750000,750000
2016-06-05 22:03:48.921000,1.13671,1.13663,750000,750000
2016-06-05 22:03:49.023000,1.13671,1.13661,750000,5250000
2016-06-05 22:03:49.125000,1.13672,1.13663,750000,750000
2016-06-05 22:03:49.328000,1.13671,1.13661,750000,5250000
2016-06-05 22:03:49.480000,1.13671,1.13663,750000,750000
2016-06-05 22:03:50.095000,1.13672,1.13663,750000,750000
2016-06-05 22:03:50.400000,1.13672,1.13661,3000000,3750000
2016-06-05 22:03:50.502000,1.13672,1.13663,2250000,1500000
2016-06-05 22:03:51.011000,1.13673,1.13663,750000,2250000
2016-06-05 22:03:51.637000,1.13673,1.13664,2620000,750000
2016-06-05 22:03:52.197000,1.13672,1.13662,750000,3000000
2016-06-05 22:03:52.400000,1.13672,1.13664,750000,750000
2016-06-05 22:03:52.553000,1.13672,1.13662,750000,3000000
2016-06-05 22:03:53.068000,1.13673,1.13664,3000000,750000
2016-06-05 22:03:53.222000,1.13676,1.13666,3000000,750000
2016-06-05 22:03:53.831000,1.13678,1.13666,3000000,1500000
2016-06-05 22:03:54.034000,1.13676,1.13666,750000,3750000
2016-06-05 22:03:54.475000,1.13677,1.13668,1500000,750000
2016-06-05 22:03:54.983000,1.13676,1.13667,750000,2620000
2016-06-05 22:03:55.490000,1.13677,1.13668,750000,750000
2016-06-05 22:03:56.028000,1.13677,1.13667,1500000,2250000
2016-06-05 22:03:56.586000,1.13677,1.13668,1500000,750000
2016-06-05 22:03:56.940000,1.13676,1.13666,750000,3000000
2016-06-05 22:03:57.483000,1.13677,1.13667,3000000,1870000
2016-06-05 22:03:57.891000,1.13677,1.13669,750000,750000
2016-06-05 22:03:58.398000,1.13678,1.13668,6000000,3000000
2016-06-05 22:03:58.924000,1.13677,1.13669,750000,750000
2016-06-05 22:03:59.307000,1.13679,1.13670,750000,750000
2016-06-05 22:03:59.713000,1.13677,1.13670,750000,8250000
2016-06-05 22:04:00.375000,1.13677,1.13671,750000,1500000
2016-06-05 22:04:00.707000,1.13678,1.13673,750000,750000
2016-06-05 22:04:00.809000,1.13683,1.13674,100000,750000
2016-06-05 22:04:01.012000,1.13686,1.13676,750000,750000
2016-06-05 22:04:01.113000,1.13688,1.13675,1500000,3000000
2016-06-05 22:04:01.417000,1.13687,1.13677,750000,750000
2016-06-05 22:04:01.519000,1.13690,1.13675,1500000,3000000
2016-06-05 22:04:01.700000,1.13690,1.13677,3000000,2250000
2016-06-05 22:04:02.005000,1.13691,1.13679,3000000,1000000
2016-06-05 22:04:02.311000,1.13689,1.13677,1000000,1500000
2016-06-05 22:04:02.515000,1.13688,1.13675,3750000,2250000
2016-06-05 22:04:02.617000,1.13686,1.13676,1000000,2250000
2016-06-05 22:04:02.820000,1.13688,1.13675,3750000,2250000
2016-06-05 22:04:03.024000,1.13686,1.13676,1000000,1000000
2016-06-05 22:04:03.243000,1.13688,1.13675,2250000,2250000
2016-06-05 22:04:03.345000,1.13686,1.13676,1000000,1000000
2016-06-05 22:04:03.498000,1.13688,1.13675,1500000,1500000
2016-06-05 22:04:03.651000,1.13685,1.13675,1000000,1000000
2016-06-05 22:04:03.854000,1.13688,1.13675,4500000,2250000
2016-06-05 22:04:04.057000,1.13686,1.13676,1000000,1000000
2016-06-05 22:04:04.209000,1.13688,1.13675,3000000,1500000
2016-06-05 22:04:04.311000,1.13687,1.13673,1500000,2250000
2016-06-05 22:04:04.576000,1.13688,1.13675,3750000,2250000
2016-06-05 22:04:04.880000,1.13683,1.13675,1000000,2250000
2016-06-05 22:04:05.235000,1.13688,1.13675,3750000,1500000
2016-06-05 22:04:05.338000,1.13686,1.13676,1000000,1000000
2016-06-05 22:04:05.642000,1.13684,1.13675,1000000,2250000
2016-06-05 22:04:06.028000,1.13684,1.13673,1000000,2250000
2016-06-05 22:04:06.130000,1.13684,1.13675,1000000,1500000
2016-06-05 22:04:06.788000,1.13683,1.13675,1000000,3000000
2016-06-05 22:04:06.941000,1.13683,1.13673,1000000,1500000
2016-06-05 22:04:06.992000,1.13683,1.13675,1000000,2250000
2016-06-05 22:04:07.194000,1.13688,1.13675,1500000,1500000
2016-06-05 22:04:07.732000,1.13685,1.13676,1000000,2250000
2016-06-05 22:04:07.836000,1.13688,1.13675,1500000,1500000
2016-06-05 22:04:07.938000,1.13686,1.13676,1000000,1000000
2016-06-05 22:04:08.244000,1.13684,1.13675,1000000,1500000
2016-06-05 22:04:08.751000,1.13684,1.13676,1000000,2250000
2016-06-05 22:04:09.129000,1.13692,1.13690,7120000,1500000
2016-06-05 22:04:09.181000,1.13693,1.13690,1500000,1500000
2016-06-05 22:04:09.232000,1.13693,1.13686,1500000,1100000
2016-06-05 22:04:09.283000,1.13693,1.13686,1870000,1100000
2016-06-05 22:04:09.385000,1.13693,1.13685,3750000,2320000
2016-06-05 22:04:09.892000,1.13692,1.13685,1500000,2320000
2016-06-05 22:04:10.044000,1.13689,1.13684,1000000,1170000
2016-06-05 22:04:10.415000,1.13695,1.13684,3750000,2400000
2016-06-05 22:04:10.922000,1.13695,1.13684,3000000,2400000
2016-06-05 22:04:11.430000,1.13696,1.13684,1120000,3150000
2016-06-05 22:04:11.954000,1.13698,1.13684,3000000,11400000
2016-06-05 22:04:12.461000,1.13696,1.13687,1470000,2250000
2016-06-05 22:04:12.968000,1.13697,1.13688,1370000,1000000
2016-06-05 22:04:13.917000,1.13696,1.13688,1000000,1000000
2016-06-05 22:04:14.424000,1.13696,1.13688,1500000,1000000
2016-06-05 22:04:14.944000,1.13696,1.13688,1000000,1000000
2016-06-05 22:04:15.063000,1.13698,1.13688,1000000,1000000
2016-06-05 22:04:15.418000,1.13699,1.13690,1000000,2250000
2016-06-05 22:04:15.925000,1.13699,1.13689,1000000,2250000
2016-06-05 22:04:16.441000,1.13699,1.13690,1000000,2250000
2016-06-05 22:04:16.948000,1.13700,1.13690,3000000,2250000
2016-06-05 22:04:18.159000,1.13700,1.13689,2620000,3750000
2016-06-05 22:04:18.666000,1.13700,1.13690,1000000,3000000
2016-06-05 22:04:19.300000,1.13696,1.13690,1000000,3000000
2016-06-05 22:04:19.808000,1.13697,1.13689,1870000,2250000
2016-06-05 22:04:20.163000,1.13695,1.13689,1000000,2250000
2016-06-05 22:04:20.367000,1.13697,1.13689,2620000,2250000
2016-06-05 22:04:20.886000,1.13697,1.13688,1000000,2250000
2016-06-05 22:04:21.747000,1.13696,1.13688,1000000,4500000
2016-06-05 22:04:22.289000,1.13697,1.13688,3000000,2250000
2016-06-05 22:04:22.340000,1.13695,1.13688,1000000,2250000
2016-06-05 22:04:22.543000,1.13697,1.13688,3000000,2250000
2016-06-05 22:04:22.950000,1.13695,1.13687,1000000,4500000
2016-06-05 22:04:23.052000,1.13697,1.13687,2250000,1000000
2016-06-05 22:04:23.560000,1.13697,1.13688,3000000,2250000
2016-06-05 22:04:24.077000,1.13696,1.13688,1000000,4500000
2016-06-05 22:04:24.585000,1.13695,1.13688,1120000,2250000
2016-06-05 22:04:25.043000,1.13697,1.13688,3000000,2250000
2016-06-05 22:04:25.455000,1.13695,1.13688,1000000,2250000
2016-06-05 22:04:26.469000,1.13696,1.13688,1000000,2250000
2016-06-05 22:04:27.541000,1.13695,1.13688,1000000,2250000
2016-06-05 22:04:28.149000,1.13697,1.13688,3000000,3000000
2016-06-05 22:04:28.682000,1.13696,1.13688,1000000,1000000
2016-06-05 22:04:29.189000,1.13696,1.13687,1000000,2250000
2016-06-05 22:04:29.696000,1.13695,1.13687,1000000,2250000
2016-06-05 22:04:30.211000,1.13696,1.13687,1500000,2250000
2016-06-05 22:04:30.973000,1.13697,1.13687,2250000,3750000
2016-06-05 22:04:31.126000,1.13696,1.13687,1370000,3750000
2016-06-05 22:04:31.644000,1.13697,1.13687,1500000,1500000
2016-06-05 22:04:32.253000,1.13697,1.13686,1500000,3750000
2016-06-05 22:04:32.768000,1.13696,1.13687,1000000,2250000
2016-06-05 22:04:33.277000,1.13696,1.13688,1370000,2250000
2016-06-05 22:04:33.532000,1.13697,1.13688,1500000,2250000
2016-06-05 22:04:33.686000,1.13695,1.13688,1000000,2250000
2016-06-05 22:04:34.219000,1.13696,1.13688,1500000,2250000
2016-06-05 22:04:34.727000,1.13696,1.13687,1000000,2250000
2016-06-05 22:04:35.557000,1.13695,1.13685,1000000,5320000
2016-06-05 22:04:36.064000,1.13695,1.13686,1000000,2320000
2016-06-05 22:04:36.419000,1.13695,1.13686,2250000,2320000
2016-06-05 22:04:36.830000,1.13694,1.13686,1870000,2320000
2016-06-05 22:04:37.337000,1.13693,1.13684,1370000,4650000
2016-06-05 22:04:37.641000,1.13689,1.13686,1000000,1000000
2016-06-05 22:04:38.003000,1.13695,1.13685,3750000,5250000
2016-06-05 22:04:38.562000,1.13689,1.13686,1000000,1000000
2016-06-05 22:04:39.069000,1.13696,1.13685,3820000,3750000
2016-06-05 22:04:39.581000,1.13689,1.13685,1000000,3000000
2016-06-05 22:04:40.242000,1.13688,1.13685,1000000,2250000
2016-06-05 22:04:40.394000,1.13687,1.13683,1000000,2250000
2016-06-05 22:04:40.595000,1.13688,1.13685,1000000,2250000
2016-06-05 22:04:40.768000,1.13688,1.13683,1000000,3750000
2016-06-05 22:04:40.971000,1.13694,1.13685,1870000,2250000
2016-06-05 22:04:41.085000,1.13687,1.13683,1000000,2250000
2016-06-05 22:04:41.593000,1.13686,1.13682,1000000,1500000
2016-06-05 22:04:42.174000,1.13687,1.13682,1000000,1500000
2016-06-05 22:04:42.276000,1.13685,1.13682,1000000,1500000
2016-06-05 22:04:42.378000,1.13685,1.13680,3000000,2250000
2016-06-05 22:04:42.480000,1.13685,1.13677,1500000,2250000
2016-06-05 22:04:42.582000,1.13685,1.13674,1000000,3750000
2016-06-05 22:04:43.031000,1.13686,1.13676,1000000,1500000
2016-06-05 22:04:43.545000,1.13685,1.13677,1000000,2250000
2016-06-05 22:04:43.596000,1.13685,1.13675,2250000,1500000
2016-06-05 22:04:43.698000,1.13683,1.13675,1000000,1500000
2016-06-05 22:04:44.010000,1.13680,1.13674,1000000,1500000
2016-06-05 22:04:44.062000,1.13680,1.13670,1000000,2250000
2016-06-05 22:04:44.266000,1.13680,1.13668,2250000,1000000
2016-06-05 22:04:45.161000,1.13679,1.13668,1500000,6750000
2016-06-05 22:04:45.266000,1.13677,1.13668,1500000,2250000
2016-06-05 22:04:45.672000,1.13676,1.13666,1000000,6000000
2016-06-05 22:04:45.773000,1.13678,1.13666,1000000,2250000
2016-06-05 22:04:45.976000,1.13675,1.13666,1000000,4500000
2016-06-05 22:04:46.504000,1.13674,1.13666,1000000,3000000
2016-06-05 22:04:47.062000,1.13673,1.13666,1500000,1000000
2016-06-05 22:04:47.396000,1.13665,1.13661,1000000,1000000
2016-06-05 22:04:47.447000,1.13667,1.13662,1000000,1000000
2016-06-05 22:04:47.956000,1.13668,1.13662,1000000,1500000
2016-06-05 22:04:48.464000,1.13670,1.13662,1000000,1000000
2016-06-05 22:04:48.968000,1.13669,1.13662,1000000,1500000
2016-06-05 22:04:49.377000,1.13669,1.13664,1000000,1000000
2016-06-05 22:04:49.479000,1.13670,1.13662,1500000,1500000
2016-06-05 22:04:49.581000,1.13665,1.13663,1000000,1000000
2016-06-05 22:04:49.683000,1.13665,1.13660,1500000,1000000
2016-06-05 22:04:49.785000,1.13662,1.13657,1000000,1000000
2016-06-05 22:04:50.065000,1.13661,1.13654,1000000,1070000
2016-06-05 22:04:50.192000,1.13663,1.13654,1500000,1570000
2016-06-05 22:04:50.700000,1.13664,1.13656,1000000,1000000
2016-06-05 22:04:51.216000,1.13666,1.13656,1000000,1000000
2016-06-05 22:04:51.723000,1.13669,1.13655,2250000,3070000
2016-06-05 22:04:51.774000,1.13667,1.13658,1000000,1000000
2016-06-05 22:04:52.082000,1.13670,1.13657,6370000,1500000
2016-06-05 22:04:52.189000,1.13670,1.13655,1870000,3820000
2016-06-05 22:04:52.291000,1.13667,1.13658,1000000,1000000
2016-06-05 22:04:52.710000,1.13670,1.13657,3370000,1000000
2016-06-05 22:04:52.914000,1.13667,1.13658,1000000,1000000
2016-06-05 22:04:53.322000,1.13670,1.13658,3750000,1000000
2016-06-05 22:04:53.374000,1.13667,1.13658,1000000,1000000
2016-06-05 22:04:53.789000,1.13670,1.13658,1870000,1000000
2016-06-05 22:04:53.993000,1.13668,1.13660,1000000,1000000
2016-06-05 22:04:54.398000,1.13671,1.13659,3370000,1000000
2016-06-05 22:04:54.500000,1.13668,1.13660,1000000,1000000
2016-06-05 22:04:55.063000,1.13671,1.13658,3000000,5250000
2016-06-05 22:04:55.153000,1.13668,1.13659,1000000,1000000
2016-06-05 22:04:55.509000,1.13671,1.13658,1000000,4500000
2016-06-05 22:04:55.711000,1.13668,1.13660,1000000,1000000
2016-06-05 22:04:56.016000,1.13668,1.13658,1000000,7500000
2016-06-05 22:04:56.309000,1.13667,1.13651,1000000,3000000
2016-06-05 22:04:56.360000,1.13657,1.13651,1000000,3000000
2016-06-05 22:04:56.666000,1.13657,1.13648,1150000,2250000
2016-06-05 22:04:56.717000,1.13657,1.13647,1000000,2250000
2016-06-05 22:04:56.819000,1.13657,1.13645,1000000,2440000
2016-06-05 22:04:56.972000,1.13659,1.13645,1000000,2250000
2016-06-05 22:04:57.422000,1.13661,1.13646,1370000,4120000
2016-06-05 22:04:57.473000,1.13661,1.13646,1370000,4120000
2016-06-05 22:04:57.524000,1.13663,1.13647,1500000,1870000
2016-06-05 22:04:57.677000,1.13663,1.13647,1500000,2440000
2016-06-05 22:05:00.040000,1.13662,1.13648,1000000,3750000
2016-06-05 22:05:00.837000,1.13663,1.13647,1000000,3940000
2016-06-05 22:05:02.613000,1.13662,1.13648,1000000,3000000
