time,ask,bid,ask_volume,bid_volume
2016-04-10 21:00:13.743000,1.14208,1.14127,750000,370000
2016-04-10 21:00:14.450000,1.14208,1.14126,750000,370000
2016-04-10 21:00:14.555000,1.14208,1.14121,750000,370000
2016-04-10 21:00:29.100000,1.14195,1.14114,1500000,750000
2016-04-10 21:00:35.098000,1.14156,1.14127,750000,750000
2016-04-10 21:00:36.384000,1.14155,1.14143,750000,750000
2016-04-10 21:00:36.977000,1.14156,1.14144,750000,750000
2016-04-10 21:00:38.474000,1.14153,1.14141,750000,750000
2016-04-10 21:00:45.428000,1.14150,1.14138,750000,750000
2016-04-10 21:00:46.037000,1.14151,1.14139,750000,750000
2016-04-10 21:00:47.604000,1.14150,1.14138,750000,750000
2016-04-10 21:00:58.495000,1.14151,1.14139,750000,750000
2016-04-10 21:01:01.055000,1.14150,1.14138,750000,750000
2016-04-10 21:01:34.291000,1.14143,1.14131,750000,750000
2016-04-10 21:01:34.494000,1.14148,1.14133,750000,750000
2016-04-10 21:01:34.595000,1.14148,1.14130,750000,750000
2016-04-10 21:01:34.747000,1.14151,1.14139,750000,750000
2016-04-10 21:01:35.463000,1.14152,1.14140,750000,750000
2016-04-10 21:01:53.874000,1.14151,1.14139,750000,750000
2016-04-10 21:02:02.563000,1.14150,1.14138,750000,750000
2016-04-10 21:02:16.468000,1.14144,1.14130,750000,370000
2016-04-10 21:02:16.519000,1.14144,1.14126,750000,750000
2016-04-10 21:02:16.570000,1.14150,1.14138,750000,750000
2016-04-10 21:02:28.883000,1.14147,1.14130,750000,370000
2016-04-10 21:02:28.984000,1.14152,1.14140,750000,750000
2016-04-10 21:02:29.182000,1.14154,1.14140,1500000,750000
2016-04-10 21:02:31.392000,1.14154,1.14140,1500000,750000
2016-04-10 21:02:31.911000,1.14154,1.14140,1500000,1500000
2016-04-10 21:02:33.004000,1.14154,1.14142,1500000,750000
2016-04-10 21:02:33.973000,1.14154,1.14143,1500000,750000
2016-04-10 21:02:35.275000,1.14154,1.14142,1500000,750000
2016-04-10 21:02:36.276000,1.14154,1.14140,1500000,1500000
2016-04-10 21:02:37.277000,1.14153,1.14140,750000,750000
2016-04-10 21:02:37.801000,1.14152,1.14140,750000,750000
2016-04-10 21:02:45.602000,1.14151,1.14139,750000,750000
2016-04-10 21:02:53.491000,1.14150,1.14138,750000,750000
2016-04-10 21:03:16.925000,1.14145,1.14134,750000,750000
2016-04-10 21:03:17.095000,1.14150,1.14138,750000,750000
2016-04-10 21:03:17.651000,1.14151,1.14139,750000,750000
2016-04-10 21:03:29.131000,1.14151,1.14140,750000,750000
2016-04-10 21:03:32.991000,1.14151,1.14139,1500000,750000
2016-04-10 21:03:33.601000,1.14150,1.14138,750000,750000
2016-04-10 21:03:44.310000,1.14151,1.14139,1500000,750000
2016-04-10 21:03:44.823000,1.14151,1.14140,750000,750000
2016-04-10 21:03:51.933000,1.14151,1.14141,750000,750000
2016-04-10 21:03:51.984000,1.14153,1.14141,1500000,750000
2016-04-10 21:03:53.963000,1.14152,1.14141,750000,750000
2016-04-10 21:03:59.731000,1.14148,1.14138,750000,750000
2016-04-10 21:03:59.784000,1.14148,1.14130,750000,750000
2016-04-10 21:03:59.886000,1.14148,1.14124,750000,750000
2016-04-10 21:04:06.369000,1.14148,1.14124,1250000,1190000
2016-04-10 21:04:38.728000,1.14135,1.14126,190000,1000000
2016-04-10 21:04:38.829000,1.14131,1.14123,1250000,1000000
2016-04-10 21:04:38.880000,1.14131,1.14119,1190000,1190000
2016-04-10 21:04:39.395000,1.14128,1.14116,1000000,1190000
2016-04-10 21:04:41.764000,1.14134,1.14119,940000,1190000
2016-04-10 21:04:41.815000,1.14145,1.14119,1190000,1190000
2016-04-10 21:04:48.326000,1.14134,1.14119,1000000,1190000
2016-04-10 21:04:48.765000,1.14128,1.14116,1000000,1190000
2016-04-10 21:04:49.821000,1.14127,1.14115,1000000,1190000
2016-04-10 21:04:50.468000,1.14134,1.14119,1190000,1190000
2016-04-10 21:04:50.519000,1.14139,1.14119,1000000,1190000
2016-04-10 21:04:50.570000,1.14143,1.14119,1250000,1190000
2016-04-10 21:04:55.724000,1.14128,1.14118,750000,1190000
2016-04-10 21:04:55.825000,1.14128,1.14116,1000000,1190000
2016-04-10 21:04:56.728000,1.14134,1.14118,1690000,1190000
2016-04-10 21:04:56.880000,1.14130,1.14118,750000,1190000
2016-04-10 21:04:56.932000,1.14144,1.14120,1190000,1190000
2016-04-10 21:04:57.427000,1.14144,1.14120,1190000,1000000
2016-04-10 21:04:57.529000,1.14147,1.14113,1190000,1000000
2016-04-10 21:04:57.580000,1.14147,1.14111,1190000,750000
2016-04-10 21:04:57.631000,1.14147,1.14100,1190000,2250000
2016-04-10 21:04:57.682000,1.14147,1.14091,1190000,1190000
2016-04-10 21:04:59.613000,1.14148,1.14100,1190000,1000000
2016-04-10 21:05:00.039000,1.14148,1.14100,1190000,1190000
2016-04-10 21:05:02.187000,1.14147,1.14099,1190000,1000000
2016-04-10 21:05:02.238000,1.14145,1.14096,1190000,1000000
2016-04-10 21:05:02.293000,1.14145,1.14091,1190000,1190000
2016-04-10 21:05:03.870000,1.14113,1.14090,750000,2440000
2016-04-10 21:05:04.076000,1.14111,1.14074,1000000,1190000
2016-04-10 21:05:04.126000,1.14106,1.14067,1000000,1190000
2016-04-10 21:05:04.177000,1.14106,1.14065,1000000,2250000
2016-04-10 21:05:04.480000,1.14082,1.14065,1000000,2250000
2016-04-10 21:05:04.531000,1.14074,1.14054,1000000,1250000
2016-04-10 21:05:04.683000,1.14081,1.14057,1000000,1000000
2016-04-10 21:05:05.188000,1.14080,1.14056,1000000,1000000
2016-04-10 21:05:05.239000,1.14080,1.14054,1000000,1250000
2016-04-10 21:05:05.392000,1.14080,1.14054,1000000,1190000
2016-04-10 21:05:05.444000,1.14093,1.14053,1190000,1190000
2016-04-10 21:05:05.545000,1.14095,1.14073,1190000,750000
2016-04-10 21:05:05.698000,1.14106,1.14078,1690000,1000000
2016-04-10 21:05:05.749000,1.14106,1.14070,1190000,1250000
2016-04-10 21:05:06.052000,1.14109,1.14065,1190000,1190000
2016-04-10 21:05:06.248000,1.14109,1.14078,1190000,940000
2016-04-10 21:05:15.161000,1.14109,1.14075,1190000,1000000
2016-04-10 21:05:15.212000,1.14109,1.14066,1190000,1190000
2016-04-10 21:05:15.467000,1.14107,1.14065,1190000,1190000
2016-04-10 21:05:20.402000,1.14081,1.14062,750000,1690000
2016-04-10 21:05:20.453000,1.14079,1.14063,1000000,1190000
2016-04-10 21:05:20.555000,1.14079,1.14062,1190000,750000
2016-04-10 21:05:20.606000,1.14078,1.14036,1190000,2250000
2016-04-10 21:05:20.657000,1.14076,1.14030,1190000,1000000
2016-04-10 21:05:20.709000,1.14076,1.14021,1190000,2250000
2016-04-10 21:05:20.760000,1.14078,1.14016,1000000,2250000
2016-04-10 21:05:20.861000,1.14078,1.14006,1000000,2250000
2016-04-10 21:05:20.912000,1.14078,1.14031,1000000,750000
2016-04-10 21:05:20.963000,1.14080,1.14031,1690000,1000000
2016-04-10 21:05:21.014000,1.14080,1.14033,1000000,1000000
2016-04-10 21:05:21.319000,1.14088,1.14074,1190000,750000
2016-04-10 21:05:21.720000,1.14086,1.14074,1250000,1000000
2016-04-10 21:05:22.371000,1.14084,1.14067,1000000,750000
2016-04-10 21:05:22.472000,1.14082,1.14039,1250000,750000
2016-04-10 21:05:22.523000,1.14080,1.13993,1250000,2250000
2016-04-10 21:05:22.727000,1.14075,1.13993,1250000,2250000
2016-04-10 21:05:23.980000,1.14080,1.13993,1250000,2250000
2016-04-10 21:05:24.081000,1.14085,1.13957,1250000,1250000
2016-04-10 21:05:24.132000,1.14085,1.13959,1250000,1000000
2016-04-10 21:05:24.920000,1.14085,1.14004,1250000,750000
2016-04-10 21:05:24.971000,1.14091,1.14004,1250000,750000
2016-04-10 21:05:25.022000,1.14091,1.14002,940000,750000
2016-04-10 21:05:25.073000,1.14096,1.14002,1250000,1000000
2016-04-10 21:05:25.124000,1.14096,1.14000,1250000,1000000
2016-04-10 21:05:25.637000,1.14047,1.14000,940000,1190000
2016-04-10 21:05:25.940000,1.14027,1.14017,750000,1000000
2016-04-10 21:05:26.138000,1.14040,1.14019,1000000,1000000
2016-04-10 21:05:26.189000,1.14068,1.14010,1000000,750000
2016-04-10 21:05:26.241000,1.14074,1.14008,2250000,750000
2016-04-10 21:05:27.441000,1.14074,1.14027,2250000,750000
2016-04-10 21:05:27.492000,1.14105,1.14027,1000000,750000
2016-04-10 21:05:27.543000,1.14123,1.14023,1250000,750000
2016-04-10 21:05:27.890000,1.14122,1.14021,1000000,1000000
2016-04-10 21:05:28.288000,1.14122,1.14016,1000000,940000
2016-04-10 21:05:28.339000,1.14124,1.14006,1190000,1000000
2016-04-10 21:05:31.196000,1.14124,1.14020,1190000,750000
2016-04-10 21:05:31.802000,1.14122,1.14020,1000000,1000000
2016-04-10 21:05:32.109000,1.14085,1.14025,750000,1190000
2016-04-10 21:05:33.388000,1.14086,1.14026,750000,940000
2016-04-10 21:05:34.163000,1.14085,1.14025,750000,1190000
2016-04-10 21:05:36.474000,1.14083,1.14035,750000,1000000
2016-04-10 21:05:36.776000,1.14083,1.14035,1000000,1190000
2016-04-10 21:05:40.497000,1.14085,1.14037,1000000,940000
2016-04-10 21:05:44.168000,1.14086,1.14038,1000000,1000000
2016-04-10 21:05:44.269000,1.14087,1.14040,1250000,1000000
2016-04-10 21:05:45.386000,1.14086,1.14038,1000000,1000000
2016-04-10 21:05:45.538000,1.14109,1.14034,1190000,1000000
2016-04-10 21:05:50.009000,1.14110,1.14044,1690000,1190000
2016-04-10 21:05:50.161000,1.14113,1.14042,1190000,1690000
2016-04-10 21:05:50.262000,1.14118,1.14043,1190000,1000000
2016-04-10 21:05:53.361000,1.14118,1.14044,1190000,1000000
2016-04-10 21:05:55.768000,1.14114,1.14044,2250000,1000000
2016-04-10 21:05:55.820000,1.14092,1.14044,750000,1500000
2016-04-10 21:05:56.234000,1.14092,1.14044,1000000,1190000
2016-04-10 21:06:01.763000,1.14089,1.14041,1000000,1190000
2016-04-10 21:06:05.293000,1.14097,1.14045,940000,1190000
2016-04-10 21:06:05.344000,1.14117,1.14045,1190000,1000000
2016-04-10 21:06:05.395000,1.14117,1.14050,1190000,1000000
2016-04-10 21:06:05.547000,1.14122,1.14052,1190000,1000000
2016-04-10 21:06:05.648000,1.14124,1.14052,1190000,1000000
2016-04-10 21:06:07.537000,1.14124,1.14051,1190000,1000000
2016-04-10 21:06:08.087000,1.14124,1.14052,1190000,1000000
2016-04-10 21:06:09.179000,1.14129,1.14052,1000000,1000000
2016-04-10 21:06:09.866000,1.14112,1.14052,750000,1000000
2016-04-10 21:06:10.172000,1.14112,1.14052,1250000,1190000
2016-04-10 21:06:24.062000,1.14111,1.14046,1000000,1190000
2016-04-10 21:06:29.295000,1.14097,1.14046,940000,1190000
2016-04-10 21:06:29.598000,1.14090,1.14044,1000000,1190000
2016-04-10 21:06:30.110000,1.14090,1.14044,1000000,1190000
2016-04-10 21:06:34.206000,1.14092,1.14044,1250000,1690000
2016-04-10 21:06:36.322000,1.14091,1.14044,1000000,1190000
2016-04-10 21:06:37.635000,1.14087,1.14044,1190000,1190000
2016-04-10 21:06:42.736000,1.14091,1.14044,1000000,1690000
2016-04-10 21:06:43.242000,1.14091,1.14048,1000000,1500000
2016-04-10 21:06:46.541000,1.14096,1.14084,1190000,750000
2016-04-10 21:06:46.592000,1.14098,1.14086,1000000,1000000
2016-04-10 21:06:46.643000,1.14098,1.14088,1000000,1500000
2016-04-10 21:06:47.082000,1.14091,1.14080,1000000,940000
2016-04-10 21:06:47.133000,1.14091,1.14052,1000000,1690000
2016-04-10 21:06:49.094000,1.14090,1.14052,1000000,1690000
2016-04-10 21:06:49.817000,1.14092,1.14052,1000000,1690000
2016-04-10 21:06:57.107000,1.14091,1.14052,1000000,1690000
2016-04-10 21:07:01.815000,1.14093,1.14049,1000000,3190000
2016-04-10 21:07:04.571000,1.14086,1.14047,1000000,1190000
2016-04-10 21:07:04.874000,1.14086,1.14043,1190000,1690000
2016-04-10 21:07:07.361000,1.14093,1.14047,1250000,2440000
2016-04-10 21:07:11.088000,1.14082,1.14046,750000,3190000
2016-04-10 21:07:12.586000,1.14084,1.14046,1000000,3190000
2016-04-10 21:07:16.245000,1.14088,1.14046,1000000,3190000
2016-04-10 21:07:16.996000,1.14089,1.14048,1000000,1190000
2016-04-10 21:07:17.451000,1.14087,1.14048,1000000,3190000
2016-04-10 21:07:18.636000,1.14089,1.14048,1000000,3190000
2016-04-10 21:07:18.687000,1.14089,1.14048,1000000,3190000
2016-04-10 21:07:20.851000,1.14091,1.14051,1000000,2440000
2016-04-10 21:07:25.045000,1.14091,1.14051,750000,3190000
2016-04-10 21:07:25.147000,1.14102,1.14051,1500000,3940000
2016-04-10 21:07:25.300000,1.14104,1.14056,1000000,1690000
2016-04-10 21:07:34.365000,1.14102,1.14056,1000000,1690000
2016-04-10 21:09:00.116000,1.14102,1.14060,1000000,1500000
2016-04-10 21:09:16.919000,1.14114,1.14060,1000000,1500000
2016-04-10 21:09:16.970000,1.14114,1.14065,1000000,1500000
2016-04-10 21:09:20.416000,1.14117,1.14067,1190000,1000000
2016-04-10 21:09:20.719000,1.14117,1.14078,750000,1500000
2016-04-10 21:09:20.871000,1.14141,1.14081,1190000,1000000
2016-04-10 21:09:21.276000,1.14139,1.14086,1190000,1500000
2016-04-10 21:09:24.269000,1.14128,1.14086,1000000,1500000
2016-04-10 21:09:24.614000,1.14128,1.14086,1190000,1500000
2016-04-10 21:09:33.903000,1.14128,1.14086,1000000,1500000
2016-04-10 21:09:33.954000,1.14141,1.14086,1190000,1500000
2016-04-10 21:10:23.929000,1.14140,1.14086,1190000,1500000
2016-04-10 21:10:25.908000,1.14140,1.14086,1190000,1500000
2016-04-10 21:11:48.700000,1.14132,1.14091,1000000,1500000
2016-04-10 21:11:49.049000,1.14132,1.14094,2250000,1500000
2016-04-10 21:11:50.424000,1.14129,1.14094,1000000,1500000
2016-04-10 21:11:50.525000,1.14129,1.14087,2250000,1500000
2016-04-10 21:12:02.945000,1.14129,1.14090,1000000,1500000
2016-04-10 21:12:03.466000,1.14130,1.14090,3000000,1500000
2016-04-10 21:12:03.981000,1.14129,1.14090,1000000,1500000
2016-04-10 21:12:05.273000,1.14130,1.14090,3750000,1500000
2016-04-10 21:12:05.883000,1.14129,1.14090,1000000,1500000
2016-04-10 21:12:09.170000,1.14130,1.14090,3750000,1500000
2016-04-10 21:12:09.841000,1.14129,1.14090,1000000,1500000
2016-04-10 21:12:15.353000,1.14130,1.14090,3750000,1500000
2016-04-10 21:12:15.904000,1.14129,1.14090,1000000,1500000
2016-04-10 21:12:19.085000,1.14130,1.14090,3750000,1500000
2016-04-10 21:12:19.872000,1.14129,1.14090,1000000,1500000
2016-04-10 21:12:22.607000,1.14130,1.14090,3750000,1500000
2016-04-10 21:12:23.108000,1.14129,1.14090,1000000,1500000
2016-04-10 21:12:29.018000,1.14130,1.14090,3750000,1500000
2016-04-10 21:12:29.527000,1.14129,1.14090,1000000,1500000
2016-04-10 21:12:33.127000,1.14130,1.14090,3750000,1500000
2016-04-10 21:12:33.736000,1.14129,1.14090,1000000,1500000
2016-04-10 21:12:34.990000,1.14130,1.14090,3750000,1500000
2016-04-10 21:12:35.699000,1.14129,1.14090,1000000,1500000
2016-04-10 21:12:40.439000,1.14130,1.14090,3750000,1500000
2016-04-10 21:12:41.037000,1.14129,1.14090,1000000,1500000
2016-04-10 21:12:43.405000,1.14130,1.14090,3750000,1500000
2016-04-10 21:12:44.266000,1.14130,1.14100,1500000,1000000
2016-04-10 21:12:44.367000,1.14133,1.14100,2250000,1190000
2016-04-10 21:12:44.418000,1.14133,1.14101,1500000,1690000
2016-04-10 21:12:44.570000,1.14137,1.14104,2250000,1870000
2016-04-10 21:12:46.360000,1.14137,1.14101,2250000,2620000
2016-04-10 21:13:02.546000,1.14134,1.14095,1000000,4500000
2016-04-10 21:13:31.099000,1.14134,1.14105,2250000,2250000
2016-04-10 21:13:36.356000,1.14132,1.14105,1000000,2250000
2016-04-10 21:13:36.958000,1.14131,1.14105,1000000,2250000
2016-04-10 21:13:39.947000,1.14132,1.14105,1000000,2250000
2016-04-10 21:13:40.440000,1.14134,1.14106,1500000,1500000
2016-04-10 21:13:40.542000,1.14138,1.14111,1500000,2250000
2016-04-10 21:13:40.643000,1.14140,1.14111,1500000,2250000
2016-04-10 21:13:49.974000,1.14140,1.14106,1500000,1500000
2016-04-10 21:13:53.986000,1.14141,1.14105,3070000,3940000
2016-04-10 21:13:54.493000,1.14140,1.14106,1500000,1500000
2016-04-10 21:14:11.656000,1.14140,1.14115,1000000,1250000
2016-04-10 21:14:11.707000,1.14144,1.14115,1760000,3190000
2016-04-10 21:14:11.759000,1.14144,1.14115,1250000,3940000
2016-04-10 21:14:17.811000,1.14153,1.14122,3560000,1560000
2016-04-10 21:14:35.992000,1.14149,1.14125,1690000,1370000
2016-04-10 21:14:37.968000,1.14142,1.14125,1500000,1370000
2016-04-10 21:14:38.120000,1.14135,1.14118,1000000,2810000
2016-04-10 21:14:38.221000,1.14133,1.14118,1000000,2810000
2016-04-10 21:14:39.549000,1.14132,1.14118,1000000,2810000
2016-04-10 21:14:40.250000,1.14132,1.14118,1000000,2810000
2016-04-10 21:14:45.633000,1.14132,1.14118,1000000,2810000
2016-04-10 21:14:47.817000,1.14131,1.14118,1000000,2060000
2016-04-10 21:14:47.970000,1.14131,1.14112,1000000,1310000
2016-04-10 21:14:49.519000,1.14129,1.14103,1000000,1690000
2016-04-10 21:14:50.065000,1.14128,1.14103,2250000,1690000
2016-04-10 21:14:50.167000,1.14128,1.14108,1000000,1560000
2016-04-10 21:14:50.218000,1.14130,1.14108,3000000,1560000
2016-04-10 21:14:54.451000,1.14127,1.14108,1000000,1370000
2016-04-10 21:14:54.553000,1.14124,1.14097,1500000,2250000
2016-04-10 21:14:54.605000,1.14122,1.14097,1000000,2250000
2016-04-10 21:14:56.919000,1.14120,1.14097,1500000,2250000
2016-04-10 21:14:57.330000,1.14119,1.14097,1500000,1870000
2016-04-10 21:14:57.431000,1.14119,1.14092,1500000,2250000
2016-04-10 21:14:57.532000,1.14117,1.14092,1000000,2250000
2016-04-10 21:14:57.735000,1.14114,1.14087,1500000,2250000
2016-04-10 21:14:57.887000,1.14114,1.14087,2250000,2250000
2016-04-10 21:14:58.395000,1.14113,1.14087,1500000,2250000
2016-04-10 21:15:03.231000,1.14116,1.14090,1500000,1750000
2016-04-10 21:15:03.410000,1.14116,1.14106,1500000,1000000
2016-04-10 21:15:03.663000,1.14132,1.14102,2810000,1120000
2016-04-10 21:15:03.714000,1.14128,1.14102,1120000,1000000
2016-04-10 21:15:03.815000,1.14123,1.14095,1000000,1370000
2016-04-10 21:15:03.917000,1.14121,1.14090,1000000,5250000
2016-04-10 21:15:04.220000,1.14116,1.14090,1000000,3750000
2016-04-10 21:15:07.555000,1.14116,1.14090,1000000,3370000
2016-04-10 21:15:08.385000,1.14117,1.14090,750000,3370000
2016-04-10 21:15:08.436000,1.14133,1.14090,1260000,3370000
2016-04-10 21:15:08.487000,1.14133,1.14105,1260000,1000000
2016-04-10 21:15:08.538000,1.14133,1.14105,1260000,1000000
2016-04-10 21:15:08.589000,1.14133,1.14099,1260000,1750000
2016-04-10 21:15:08.741000,1.14133,1.14090,1260000,4120000
2016-04-10 21:15:14.035000,1.14135,1.14094,4010000,2250000
2016-04-10 21:15:14.338000,1.14135,1.14094,4010000,2250000
2016-04-10 21:15:16.325000,1.14135,1.14095,4010000,1870000
2016-04-10 21:15:19.111000,1.14131,1.14095,1190000,2620000
2016-04-10 21:15:24.038000,1.14124,1.14095,1190000,1870000
2016-04-10 21:15:24.139000,1.14124,1.14095,2440000,1570000
2016-04-10 21:15:31.640000,1.14124,1.14095,2440000,1570000
2016-04-10 21:15:36.889000,1.14120,1.14095,1500000,1570000
2016-04-10 21:15:36.940000,1.14118,1.14095,1000000,1570000
2016-04-10 21:15:37.243000,1.14112,1.14095,1500000,1070000
2016-04-10 21:15:38.058000,1.14111,1.14095,1000000,1570000
2016-04-10 21:15:45.655000,1.14110,1.14089,1000000,2250000
2016-04-10 21:15:46.120000,1.14108,1.14089,1500000,2250000
2016-04-10 21:15:53.751000,1.14108,1.14088,2250000,1500000
2016-04-10 21:15:56.896000,1.14107,1.14088,1000000,2250000
2016-04-10 21:16:00.899000,1.14107,1.14088,1500000,2250000
2016-04-10 21:16:09.683000,1.14107,1.14088,2250000,2250000
2016-04-10 21:16:10.418000,1.14106,1.14088,1000000,2250000
2016-04-10 21:16:13.558000,1.14107,1.14088,2250000,2250000
2016-04-10 21:16:18.104000,1.14108,1.14088,2250000,2250000
2016-04-10 21:16:18.705000,1.14107,1.14088,1000000,2250000
2016-04-10 21:16:22.866000,1.14108,1.14088,2250000,2250000
2016-04-10 21:16:23.968000,1.14107,1.14088,1000000,2250000
2016-04-10 21:16:26.985000,1.14108,1.14088,2250000,2250000
2016-04-10 21:16:27.547000,1.14107,1.14088,1000000,2250000
2016-04-10 21:16:28.988000,1.14108,1.14088,2250000,2250000
2016-04-10 21:16:29.562000,1.14107,1.14088,1000000,2250000
2016-04-10 21:16:30.090000,1.14108,1.14088,2250000,2250000
2016-04-10 21:16:30.640000,1.14107,1.14088,1000000,3000000
2016-04-10 21:16:32.093000,1.14108,1.14088,2250000,2250000
2016-04-10 21:16:32.644000,1.14107,1.14088,1000000,2250000
2016-04-10 21:16:36.887000,1.14108,1.14088,2250000,2250000
2016-04-10 21:16:39.408000,1.14108,1.14088,1000000,2250000
2016-04-10 21:16:42.815000,1.14109,1.14088,2250000,2250000
2016-04-10 21:16:43.327000,1.14108,1.14088,1000000,2250000
2016-04-10 21:16:44.179000,1.14109,1.14088,2250000,2250000
2016-04-10 21:16:44.954000,1.14108,1.14088,1000000,2250000
2016-04-10 21:16:46.182000,1.14109,1.14088,2250000,2250000
2016-04-10 21:16:46.704000,1.14108,1.14088,1000000,2250000
2016-04-10 21:16:48.886000,1.14109,1.14088,2250000,2250000
2016-04-10 21:16:49.986000,1.14108,1.14088,1000000,2250000
2016-04-10 21:16:52.698000,1.14109,1.14088,2250000,2250000
2016-04-10 21:16:52.799000,1.14108,1.14085,1000000,2000000
2016-04-10 21:16:56.909000,1.14109,1.14084,1500000,2440000
2016-04-10 21:17:14.998000,1.14109,1.14099,2250000,1190000
2016-04-10 21:17:15.100000,1.14117,1.14102,1190000,1250000
2016-04-10 21:17:15.608000,1.14119,1.14102,1190000,2060000
2016-04-10 21:17:16.214000,1.14112,1.14098,1190000,2250000
2016-04-10 21:17:16.266000,1.14111,1.14098,1190000,1500000
2016-04-10 21:17:16.318000,1.14092,1.14082,1000000,2250000
2016-04-10 21:17:16.379000,1.14082,1.14075,1500000,1000000
2016-04-10 21:17:16.431000,1.14082,1.14079,1500000,3940000
2016-04-10 21:17:16.533000,1.14089,1.14078,1000000,2440000
2016-04-10 21:17:16.584000,1.14090,1.14068,1000000,2250000
2016-04-10 21:17:16.635000,1.14090,1.14077,1000000,1000000
2016-04-10 21:17:16.888000,1.14077,1.14055,1000000,1000000
2016-04-10 21:17:16.942000,1.14075,1.14055,1000000,1000000
2016-04-10 21:17:17.253000,1.14075,1.14055,1000000,1070000
2016-04-10 21:17:19.115000,1.14076,1.14057,1500000,1100000
2016-04-10 21:17:19.661000,1.14077,1.14058,2250000,1000000
2016-04-10 21:17:20.163000,1.14077,1.14056,2250000,1260000
2016-04-10 21:17:22.137000,1.14075,1.14052,1500000,3370000
2016-04-10 21:17:22.188000,1.14073,1.14045,1000000,3820000
2016-04-10 21:17:22.239000,1.14071,1.14045,1500000,1570000
2016-04-10 21:17:22.290000,1.14071,1.14039,2250000,2250000
2016-04-10 21:17:22.341000,1.14067,1.14039,1000000,1500000
2016-04-10 21:17:22.493000,1.14065,1.14035,1500000,3750000
2016-04-10 21:17:22.595000,1.14064,1.14026,1000000,1000000
2016-04-10 21:17:23.119000,1.14063,1.14026,1500000,1000000
2016-04-10 21:17:23.373000,1.14061,1.14025,1000000,2250000
2016-04-10 21:17:23.525000,1.14061,1.14023,1500000,1500000
2016-04-10 21:17:24.673000,1.14060,1.14023,1000000,1500000
2016-04-10 21:17:24.724000,1.14060,1.14030,2250000,1000000
2016-04-10 21:17:25.028000,1.14059,1.14028,1000000,3000000
2016-04-10 21:17:25.544000,1.14059,1.14028,1000000,3000000
2016-04-10 21:17:29.438000,1.14066,1.14031,1000000,2620000
2016-04-10 21:17:29.540000,1.14070,1.14034,1570000,2320000
2016-04-10 21:17:30.637000,1.14070,1.14028,1500000,2250000
2016-04-10 21:17:31.986000,1.14071,1.14028,2320000,2250000
2016-04-10 21:17:32.568000,1.14071,1.14024,2320000,2250000
2016-04-10 21:17:33.290000,1.14071,1.14027,1570000,1190000
2016-04-10 21:17:33.594000,1.14072,1.14029,1570000,2620000
2016-04-10 21:17:41.078000,1.14070,1.14032,4120000,2320000
2016-04-10 21:17:44.056000,1.14070,1.14030,3000000,1370000
2016-04-10 21:17:44.562000,1.14072,1.14035,2320000,3750000
2016-04-10 21:17:48.142000,1.14074,1.14038,2620000,1190000
2016-04-10 21:17:48.496000,1.14074,1.14045,1870000,1000000
2016-04-10 21:17:48.802000,1.14079,1.14046,3560000,3000000
2016-04-10 21:17:50.217000,1.14077,1.14046,1560000,1570000
2016-04-10 21:17:53.116000,1.14075,1.14037,5060000,2440000
2016-04-10 21:17:53.524000,1.14077,1.14059,1370000,1000000
2016-04-10 21:17:53.626000,1.14077,1.14060,1370000,1000000
2016-04-10 21:17:53.727000,1.14078,1.14063,1000000,1000000
2016-04-10 21:17:54.653000,1.14078,1.14062,1000000,1000000
2016-04-10 21:17:55.176000,1.14078,1.14063,1000000,1000000
2016-04-10 21:17:55.681000,1.14078,1.14064,1000000,1000000
2016-04-10 21:17:55.934000,1.14081,1.14069,1290000,1190000
2016-04-10 21:17:56.931000,1.14081,1.14073,1190000,1000000
2016-04-10 21:17:58.234000,1.14095,1.14072,1750000,1190000
2016-04-10 21:17:58.387000,1.14102,1.14072,2620000,3560000
2016-04-10 21:17:58.488000,1.14080,1.14074,1000000,2320000
2016-04-10 21:17:58.590000,1.14079,1.14068,1000000,2060000
2016-04-10 21:17:59.134000,1.14078,1.14068,1000000,2060000
2016-04-10 21:17:59.589000,1.14082,1.14070,1500000,1290000
2016-04-10 21:17:59.640000,1.14099,1.14070,3750000,1290000
2016-04-10 21:17:59.691000,1.14100,1.14072,6070000,1260000
2016-04-10 21:17:59.872000,1.14096,1.14072,1000000,1260000
2016-04-10 21:18:00.230000,1.14079,1.14068,1000000,2060000
2016-04-10 21:18:00.538000,1.14079,1.14068,1000000,2810000
2016-04-10 21:18:00.589000,1.14082,1.14068,1500000,2810000
2016-04-10 21:18:00.640000,1.14099,1.14068,5250000,2810000
2016-04-10 21:18:00.691000,1.14099,1.14070,1570000,1560000
2016-04-10 21:18:00.793000,1.14095,1.14072,1000000,2810000
2016-04-10 21:18:01.096000,1.14075,1.14068,1000000,2060000
2016-04-10 21:18:01.688000,1.14074,1.14068,1000000,1870000
2016-04-10 21:18:06.039000,1.14073,1.14068,1000000,1870000
2016-04-10 21:18:06.096000,1.14073,1.14068,1000000,1570000
2016-04-10 21:18:07.602000,1.14082,1.14068,1500000,1570000
2016-04-10 21:18:07.653000,1.14082,1.14068,1500000,1870000
2016-04-10 21:18:07.755000,1.14101,1.14072,3070000,1070000
2016-04-10 21:18:07.806000,1.14101,1.14072,3070000,1260000
2016-04-10 21:18:08.109000,1.14074,1.14068,1000000,1690000
2016-04-10 21:18:09.117000,1.14074,1.14068,1000000,1500000
2016-04-10 21:18:10.458000,1.14091,1.14068,1120000,1500000
2016-04-10 21:18:10.509000,1.14098,1.14068,1370000,1870000
2016-04-10 21:18:10.560000,1.14100,1.14073,1500000,1070000
2016-04-10 21:18:10.611000,1.14100,1.14073,1500000,1370000
2016-04-10 21:18:10.662000,1.14104,1.14073,2250000,2620000
2016-04-10 21:18:10.919000,1.14078,1.14073,1000000,2620000
2016-04-10 21:18:10.970000,1.14076,1.14068,1000000,2320000
2016-04-10 21:18:13.483000,1.14076,1.14068,1000000,1570000
2016-04-10 21:18:16.407000,1.14082,1.14068,1500000,1570000
2016-04-10 21:18:16.458000,1.14083,1.14068,940000,1570000
2016-04-10 21:18:16.509000,1.14100,1.14068,3750000,1570000
2016-04-10 21:18:16.560000,1.14100,1.14073,1000000,1000000
2016-04-10 21:18:16.611000,1.14102,1.14073,1500000,1000000
2016-04-10 21:18:16.662000,1.14105,1.14075,3000000,1870000
2016-04-10 21:18:16.965000,1.14077,1.14067,1000000,1870000
2016-04-10 21:18:18.140000,1.14079,1.14067,1000000,2620000
2016-04-10 21:18:18.762000,1.14078,1.14067,1000000,3370000
2016-04-10 21:18:20.387000,1.14083,1.14068,1500000,1070000
2016-04-10 21:18:20.438000,1.14083,1.14068,1500000,1750000
2016-04-10 21:18:20.490000,1.14094,1.14071,1000000,1750000
2016-04-10 21:18:20.541000,1.14102,1.14075,1500000,1370000
2016-04-10 21:18:20.642000,1.14104,1.14075,2250000,4120000
2016-04-10 21:18:20.694000,1.14085,1.14075,750000,4120000
2016-04-10 21:18:20.745000,1.14081,1.14075,750000,3000000
2016-04-10 21:18:20.796000,1.14079,1.14068,1000000,2320000
2016-04-10 21:18:22.782000,1.14078,1.14068,1000000,1570000
2016-04-10 21:18:25.489000,1.14078,1.14068,1000000,1570000
2016-04-10 21:18:26.023000,1.14078,1.14068,1000000,1570000
2016-04-10 21:18:30.495000,1.14076,1.14068,1000000,1570000
2016-04-10 21:18:37.389000,1.14077,1.14068,1000000,1570000
2016-04-10 21:18:39.027000,1.14076,1.14068,1000000,1570000
2016-04-10 21:18:48.367000,1.14076,1.14068,1000000,1570000
2016-04-10 21:18:49.944000,1.14075,1.14068,1000000,1570000
2016-04-10 21:18:50.217000,1.14075,1.14058,1000000,1870000
2016-04-10 21:18:52.963000,1.14075,1.14058,1000000,2620000
2016-04-10 21:18:54.486000,1.14078,1.14059,1000000,1120000
2016-04-10 21:18:54.538000,1.14082,1.14063,1500000,1370000
2016-04-10 21:18:54.741000,1.14084,1.14066,1000000,2320000
2016-04-10 21:18:54.792000,1.14088,1.14066,1500000,2320000
2016-04-10 21:18:54.894000,1.14090,1.14066,3000000,2320000
2016-04-10 21:18:58.092000,1.14091,1.14066,2250000,2320000
2016-04-10 21:18:58.247000,1.14091,1.14066,2250000,2250000
2016-04-10 21:19:06.815000,1.14091,1.14066,2250000,2320000
2016-04-10 21:19:09.317000,1.14088,1.14066,1190000,2320000
2016-04-10 21:19:09.845000,1.14088,1.14064,1260000,2620000
2016-04-10 21:19:11.203000,1.14080,1.14063,1250000,2620000
2016-04-10 21:19:11.254000,1.14080,1.14063,1250000,2320000
2016-04-10 21:19:12.727000,1.14074,1.14063,1190000,1070000
2016-04-10 21:19:12.778000,1.14074,1.14059,1190000,1870000
2016-04-10 21:19:21.579000,1.14074,1.14062,1190000,1000000
2016-04-10 21:19:21.882000,1.14077,1.14068,1190000,1500000
2016-04-10 21:19:27.661000,1.14073,1.14068,1190000,1500000
2016-04-10 21:19:27.762000,1.14073,1.14059,1190000,1870000
2016-04-10 21:19:30.618000,1.14073,1.14059,1190000,1000000
2016-04-10 21:19:31.225000,1.14073,1.14060,1190000,1000000
2016-04-10 21:19:32.095000,1.14073,1.14059,1190000,1500000
2016-04-10 21:19:32.601000,1.14073,1.14060,1190000,1100000
2016-04-10 21:19:35.170000,1.14074,1.14062,1000000,1000000
2016-04-10 21:19:35.271000,1.14080,1.14062,1250000,1070000
2016-04-10 21:19:36.795000,1.14085,1.14062,2620000,1070000
2016-04-10 21:19:36.846000,1.14085,1.14061,1500000,1870000
2016-04-10 21:19:36.897000,1.14088,1.14063,3260000,2620000
2016-04-10 21:19:38.434000,1.14090,1.14066,1500000,1750000
2016-04-10 21:19:45.108000,1.14091,1.14067,3000000,2250000
2016-04-10 21:19:45.610000,1.14090,1.14067,1000000,2250000
2016-04-10 21:19:56.957000,1.14091,1.14066,1000000,3000000
2016-04-10 21:20:01.856000,1.14091,1.14066,1000000,4120000
2016-04-10 21:20:02.389000,1.14091,1.14066,1100000,2620000
2016-04-10 21:20:02.642000,1.14091,1.14066,1070000,2620000
2016-04-10 21:20:03.264000,1.14091,1.14066,1100000,2620000
2016-04-10 21:20:05.946000,1.14091,1.14066,1070000,2620000
2016-04-10 21:20:49.613000,1.14094,1.14070,1260000,2620000
2016-04-10 21:21:02.452000,1.14094,1.14072,1260000,1070000
2016-04-10 21:21:03.082000,1.14094,1.14071,1290000,2620000
2016-04-10 21:21:05.561000,1.14094,1.14071,1260000,2620000
2016-04-10 21:21:45.344000,1.14094,1.14072,1560000,1000000
2016-04-10 21:21:45.648000,1.14094,1.14072,1290000,1120000
2016-04-10 21:21:46.187000,1.14094,1.14072,1260000,1070000
2016-04-10 21:21:54.947000,1.14094,1.14075,1260000,1000000
2016-04-10 21:21:55.253000,1.14105,1.14084,1250000,1000000
2016-04-10 21:21:55.355000,1.14107,1.14084,1500000,1370000
2016-04-10 21:21:55.456000,1.14112,1.14085,1000000,2250000
2016-04-10 21:21:55.508000,1.14116,1.14086,1500000,1070000
2016-04-10 21:21:55.610000,1.14119,1.14089,1500000,1100000
2016-04-10 21:21:55.711000,1.14121,1.14090,2250000,1000000
2016-04-10 21:22:09.002000,1.14123,1.14088,4120000,2320000
2016-04-10 21:22:11.423000,1.14121,1.14088,1000000,3070000
2016-04-10 21:22:12.130000,1.14122,1.14088,1000000,1570000
2016-04-10 21:22:12.637000,1.14121,1.14088,1000000,3070000
2016-04-10 21:22:12.940000,1.14097,1.14073,1000000,1570000
2016-04-10 21:22:13.244000,1.14101,1.14089,1000000,1000000
2016-04-10 21:22:13.547000,1.14101,1.14089,1000000,1120000
2016-04-10 21:22:15.190000,1.14100,1.14091,1000000,1100000
2016-04-10 21:22:15.494000,1.14096,1.14081,1000000,2250000
2016-04-10 21:22:15.595000,1.14096,1.14076,1000000,2620000
2016-04-10 21:22:20.486000,1.14097,1.14073,1000000,3370000
2016-04-10 21:22:22.393000,1.14098,1.14074,1000000,1370000
2016-04-10 21:22:30.325000,1.14098,1.14074,1690000,1370000
2016-04-10 21:22:40.011000,1.14098,1.14074,1690000,1370000
2016-04-10 21:22:46.004000,1.14098,1.14081,1190000,1000000
2016-04-10 21:22:46.307000,1.14097,1.14081,1250000,1870000
2016-04-10 21:22:54.940000,1.14098,1.14081,1250000,2060000
2016-04-10 21:22:55.246000,1.14098,1.14089,1250000,1100000
2016-04-10 21:22:56.045000,1.14097,1.14088,1250000,1570000
2016-04-10 21:22:56.198000,1.14097,1.14081,1250000,1870000
2016-04-10 21:22:59.441000,1.14099,1.14081,1000000,1870000
2016-04-10 21:22:59.543000,1.14102,1.14080,1500000,1370000
2016-04-10 21:22:59.595000,1.14102,1.14081,1500000,3750000
2016-04-10 21:22:59.900000,1.14097,1.14081,1250000,4500000
2016-04-10 21:22:59.951000,1.14097,1.14081,1250000,1370000
2016-04-10 21:23:03.922000,1.14097,1.14083,1000000,1870000
2016-04-10 21:23:15.626000,1.14097,1.14089,1000000,1000000
2016-04-10 21:23:18.488000,1.14097,1.14088,1000000,1000000
2016-04-10 21:23:19.638000,1.14097,1.14089,1000000,1000000
2016-04-10 21:23:20.390000,1.14097,1.14088,1000000,1000000
2016-04-10 21:23:21.123000,1.14097,1.14089,1000000,1000000
2016-04-10 21:23:21.643000,1.14097,1.14088,1000000,1000000
2016-04-10 21:23:22.244000,1.14097,1.14089,1000000,1000000
2016-04-10 21:23:24.350000,1.14097,1.14088,1000000,1000000
2016-04-10 21:23:25.072000,1.14097,1.14089,1000000,1000000
2016-04-10 21:23:25.652000,1.14097,1.14088,1000000,1000000
2016-04-10 21:23:26.454000,1.14097,1.14089,1000000,1000000
2016-04-10 21:23:27.053000,1.14097,1.14088,1000000,1000000
2016-04-10 21:23:27.655000,1.14097,1.14089,1000000,1000000
2016-04-10 21:23:28.177000,1.14097,1.14088,1000000,1000000
2016-04-10 21:23:34.018000,1.14097,1.14087,1000000,1570000
2016-04-10 21:23:38.930000,1.14098,1.14087,1000000,1570000
2016-04-10 21:23:53.891000,1.14097,1.14087,1000000,1570000
2016-04-10 21:24:00.267000,1.14097,1.14094,1000000,2250000
2016-04-10 21:24:00.470000,1.14106,1.14097,750000,2250000
2016-04-10 21:24:00.521000,1.14104,1.14097,750000,2250000
2016-04-10 21:24:00.623000,1.14115,1.14095,1690000,1500000
2016-04-10 21:24:00.674000,1.14115,1.14109,1250000,1500000
2016-04-10 21:24:00.725000,1.14118,1.14109,750000,1500000
2016-04-10 21:24:00.776000,1.14127,1.14109,1500000,2250000
2016-04-10 21:24:00.979000,1.14147,1.14110,1500000,1120000
2016-04-10 21:24:01.081000,1.14151,1.14110,2250000,4500000
2016-04-10 21:24:05.204000,1.14151,1.14110,2250000,4870000
2016-04-10 21:24:11.063000,1.14151,1.14116,1500000,1000000
2016-04-10 21:24:11.370000,1.14151,1.14118,2250000,3000000
2016-04-10 21:24:11.674000,1.14151,1.14118,2620000,3000000
2016-04-10 21:24:14.717000,1.14145,1.14118,1500000,2250000
2016-04-10 21:24:14.768000,1.14145,1.14119,1870000,1570000
2016-04-10 21:24:14.870000,1.14141,1.14115,2250000,3070000
2016-04-10 21:24:18.203000,1.14134,1.14109,2250000,2250000
2016-04-10 21:24:18.507000,1.14129,1.14109,2250000,2250000
2016-04-10 21:24:18.862000,1.14125,1.14108,1870000,2250000
2016-04-10 21:24:19.293000,1.14125,1.14108,2250000,2250000
2016-04-10 21:24:21.182000,1.14124,1.14091,1500000,1370000
2016-04-10 21:24:25.580000,1.14123,1.14091,1370000,1370000
2016-04-10 21:24:32.191000,1.14124,1.14100,3000000,1000000
2016-04-10 21:24:32.293000,1.14125,1.14100,2700000,3600000
2016-04-10 21:24:43.260000,1.14127,1.14102,2440000,1100000
2016-04-10 21:24:43.910000,1.14127,1.14102,3560000,1000000
2016-04-10 21:24:57.685000,1.14126,1.14102,1310000,1070000
2016-04-10 21:25:00.763000,1.14126,1.14102,1560000,1070000
2016-04-10 21:25:08.566000,1.14127,1.14100,1940000,1100000
2016-04-10 21:25:25.384000,1.14126,1.14099,2810000,1850000
2016-04-10 21:25:28.273000,1.14126,1.14099,1560000,1930000
2016-04-10 21:26:42.974000,1.14110,1.14098,1500000,1650000
2016-04-10 21:26:43.126000,1.14102,1.14086,150000,1120000
2016-04-10 21:26:43.177000,1.14111,1.14086,1000000,1120000
2016-04-10 21:26:43.278000,1.14111,1.14086,1000000,1370000
2016-04-10 21:26:43.532000,1.14123,1.14098,1120000,1500000
2016-04-10 21:26:43.735000,1.14119,1.14090,1000000,1370000
2016-04-10 21:26:45.401000,1.14119,1.14090,1000000,1370000
2016-04-10 21:26:51.633000,1.14120,1.14090,1570000,1370000
2016-04-10 21:26:52.284000,1.14119,1.14090,1000000,1370000
2016-04-10 21:27:00.311000,1.14120,1.14090,1570000,1370000
2016-04-10 21:27:00.913000,1.14119,1.14090,1000000,1370000
2016-04-10 21:27:01.853000,1.14120,1.14090,4570000,1370000
2016-04-10 21:27:50.297000,1.14121,1.14089,1950000,1500000
2016-04-10 21:28:14.471000,1.14119,1.14089,1000000,3000000
2016-04-10 21:28:14.787000,1.14118,1.14088,1560000,3750000
2016-04-10 21:28:22.520000,1.14118,1.14086,1690000,4500000
2016-04-10 21:28:44.524000,1.14113,1.14087,1190000,1500000
2016-04-10 21:28:44.575000,1.14116,1.14087,1070000,1500000
2016-04-10 21:29:24.461000,1.14120,1.14087,4120000,3000000
2016-04-10 21:29:27.428000,1.14120,1.14087,5620000,2250000
2016-04-10 21:29:42.621000,1.14120,1.14086,6820000,1370000
2016-04-10 21:30:00.346000,1.14119,1.14088,1000000,1070000
2016-04-10 21:30:00.881000,1.14120,1.14088,4500000,1070000
2016-04-10 21:30:01.422000,1.14119,1.14088,1000000,1070000
2016-04-10 21:30:03.745000,1.14120,1.14088,4500000,1070000
2016-04-10 21:30:03.948000,1.14119,1.14088,1000000,1100000
2016-04-10 21:30:04.648000,1.14120,1.14088,3000000,1100000
2016-04-10 21:30:05.232000,1.14119,1.14088,1000000,1100000
2016-04-10 21:30:06.555000,1.14120,1.14088,6370000,1100000
2016-04-10 21:30:41.145000,1.14120,1.14087,3820000,1000000
2016-04-10 21:32:01.315000,1.14120,1.14086,3820000,1000000
2016-04-10 21:32:04.387000,1.14120,1.14086,3070000,1100000
2016-04-10 21:34:02.810000,1.14119,1.14089,2320000,2250000
2016-04-10 21:36:03.239000,1.14119,1.14089,2250000,3070000
2016-04-10 21:36:48.163000,1.14119,1.14089,2250000,3070000
2016-04-10 21:37:10.908000,1.14116,1.14089,1000000,3070000
2016-04-10 21:37:11.216000,1.14112,1.14087,1100000,2250000
2016-04-10 21:37:32.255000,1.14112,1.14085,1100000,3000000
2016-04-10 21:37:45.356000,1.14112,1.14085,1310000,3750000
2016-04-10 21:38:02.091000,1.14112,1.14085,1250000,3750000
2016-04-10 21:38:09.466000,1.14112,1.14086,1250000,1000000
2016-04-10 21:38:09.618000,1.14114,1.14086,1500000,1000000
2016-04-10 21:38:09.670000,1.14116,1.14086,1000000,1100000
2016-04-10 21:38:10.344000,1.14117,1.14086,2250000,1100000
2016-04-10 21:38:10.967000,1.14116,1.14086,1000000,1100000
2016-04-10 21:38:18.068000,1.14117,1.14086,2250000,1100000
2016-04-10 21:38:18.609000,1.14116,1.14086,1000000,1100000
2016-04-10 21:38:19.660000,1.14117,1.14086,2250000,1100000
2016-04-10 21:38:20.208000,1.14116,1.14086,1000000,1100000
2016-04-10 21:38:28.122000,1.14117,1.14086,2250000,1000000
2016-04-10 21:38:28.724000,1.14116,1.14086,1000000,1000000
2016-04-10 21:38:29.988000,1.14117,1.14086,2250000,1000000
2016-04-10 21:38:30.589000,1.14116,1.14086,1000000,1000000
2016-04-10 21:38:34.797000,1.14117,1.14086,2250000,1000000
2016-04-10 21:38:35.739000,1.14116,1.14086,1000000,1000000
2016-04-10 21:38:36.840000,1.14117,1.14086,2250000,1000000
2016-04-10 21:38:37.351000,1.14116,1.14086,1000000,1000000
2016-04-10 21:38:44.658000,1.14117,1.14086,2250000,1000000
2016-04-10 21:38:45.296000,1.14116,1.14086,1000000,1000000
2016-04-10 21:38:46.862000,1.14117,1.14086,2250000,1000000
2016-04-10 21:38:47.735000,1.14116,1.14086,1000000,1000000
2016-04-10 21:38:52.623000,1.14117,1.14086,2250000,1000000
2016-04-10 21:38:53.220000,1.14116,1.14086,1000000,1000000
2016-04-10 21:38:59.735000,1.14117,1.14086,2250000,1000000
2016-04-10 21:39:00.294000,1.14116,1.14086,1000000,1000000
2016-04-10 21:39:04.661000,1.14117,1.14086,2250000,1000000
2016-04-10 21:39:05.297000,1.14116,1.14086,1000000,1000000
2016-04-10 21:39:05.920000,1.14117,1.14086,2250000,1000000
2016-04-10 21:39:06.645000,1.14116,1.14086,1000000,1000000
2016-04-10 21:39:08.648000,1.14117,1.14086,2250000,1000000
2016-04-10 21:39:09.199000,1.14116,1.14086,1000000,1000000
2016-04-10 21:39:14.757000,1.14117,1.14086,2250000,1000000
2016-04-10 21:39:15.658000,1.14116,1.14086,1000000,1000000
2016-04-10 21:39:16.259000,1.14117,1.14086,2250000,1000000
2016-04-10 21:39:16.461000,1.14117,1.14083,2320000,2250000
2016-04-10 21:39:20.174000,1.14117,1.14083,2620000,1500000
2016-04-10 21:39:20.479000,1.14108,1.14076,1000000,1100000
2016-04-10 21:39:22.481000,1.14108,1.14076,1000000,1070000
2016-04-10 21:39:22.926000,1.14107,1.14069,1500000,1870000
2016-04-10 21:39:23.572000,1.14107,1.14070,1000000,1370000
2016-04-10 21:39:25.305000,1.14108,1.14069,3000000,1370000
2016-04-10 21:39:25.914000,1.14107,1.14069,1000000,1370000
2016-04-10 21:39:28.690000,1.14108,1.14069,4120000,1370000
2016-04-10 21:39:30.721000,1.14107,1.14069,1870000,1370000
2016-04-10 21:39:32.701000,1.14108,1.14069,4120000,1370000
2016-04-10 21:39:33.320000,1.14107,1.14069,1870000,1370000
2016-04-10 21:39:33.502000,1.14107,1.14069,1000000,1120000
2016-04-10 21:39:35.240000,1.14108,1.14069,2250000,1120000
2016-04-10 21:39:36.291000,1.14107,1.14069,1000000,1120000
2016-04-10 21:39:36.876000,1.14105,1.14069,1000000,1120000
2016-04-10 21:39:50.666000,1.14105,1.14075,1500000,1100000
2016-04-10 21:39:51.117000,1.14107,1.14075,4500000,1100000
2016-04-10 21:39:51.656000,1.14106,1.14075,1500000,1100000
2016-04-10 21:39:52.291000,1.14106,1.14076,1500000,1000000
2016-04-10 21:39:56.956000,1.14107,1.14076,4500000,1000000
2016-04-10 21:40:17.153000,1.14107,1.14076,3000000,1070000
2016-04-10 21:40:17.457000,1.14109,1.14083,2250000,1000000
2016-04-10 21:40:17.964000,1.14110,1.14083,2320000,1000000
2016-04-10 21:40:19.388000,1.14110,1.14077,2320000,1570000
2016-04-10 21:40:19.490000,1.14106,1.14075,1000000,1100000
2016-04-10 21:40:19.995000,1.14107,1.14075,2250000,1100000
2016-04-10 21:40:23.541000,1.14107,1.14077,2250000,1070000
2016-04-10 21:40:23.797000,1.14111,1.14081,3070000,1000000
2016-04-10 21:40:25.619000,1.14107,1.14081,1000000,1000000
2016-04-10 21:40:25.670000,1.14107,1.14075,1000000,1100000
2016-04-10 21:40:26.180000,1.14107,1.14075,2250000,1070000
2016-04-10 21:40:30.027000,1.14107,1.14082,1500000,1000000
2016-04-10 21:40:30.130000,1.14110,1.14082,3750000,1000000
2016-04-10 21:40:30.645000,1.14111,1.14082,2320000,1000000
2016-04-10 21:40:41.717000,1.14111,1.14078,2320000,1500000
2016-04-10 21:40:42.021000,1.14108,1.14075,1000000,1070000
2016-04-10 21:40:45.344000,1.14110,1.14082,4570000,1000000
2016-04-10 21:40:46.834000,1.14109,1.14082,1000000,1000000
2016-04-10 21:40:46.885000,1.14109,1.14075,2250000,1500000
2016-04-10 21:40:46.987000,1.14107,1.14075,1500000,1070000
2016-04-10 21:40:47.089000,1.14107,1.14072,3000000,1070000
2016-04-10 21:40:47.190000,1.14105,1.14071,1500000,1120000
2016-04-10 21:40:47.503000,1.14105,1.14072,3000000,1370000
2016-04-10 21:40:47.554000,1.14105,1.14072,3000000,1120000
2016-04-10 21:40:54.879000,1.14105,1.14069,3000000,1870000
2016-04-10 21:40:55.215000,1.14105,1.14069,3820000,1570000
2016-04-10 21:40:55.519000,1.14101,1.14067,2620000,1000000
2016-04-10 21:40:55.570000,1.14101,1.14067,3070000,1070000
2016-04-10 21:40:57.414000,1.14101,1.14067,3070000,1070000
2016-04-10 21:40:57.566000,1.14101,1.14067,1570000,1070000
2016-04-10 21:40:59.862000,1.14101,1.14067,1000000,1370000
2016-04-10 21:41:01.068000,1.14101,1.14067,2320000,1070000
2016-04-10 21:42:03.557000,1.14101,1.14067,2250000,1370000
2016-04-10 21:42:40.122000,1.14101,1.14067,2250000,1120000
2016-04-10 21:44:01.365000,1.14101,1.14067,2320000,1070000
2016-04-10 21:44:10.530000,1.14101,1.14067,1570000,1000000
2016-04-10 21:44:10.732000,1.14101,1.14067,2250000,1070000
2016-04-10 21:44:22.952000,1.14101,1.14067,2320000,1070000
2016-04-10 21:44:23.154000,1.14101,1.14067,2250000,1370000
2016-04-10 21:45:34.256000,1.14101,1.14067,2250000,1370000
2016-04-10 21:45:34.357000,1.14101,1.14067,2250000,1370000
2016-04-10 21:45:56.052000,1.14101,1.14067,2250000,1870000
2016-04-10 21:45:56.154000,1.14101,1.14067,2250000,1370000
2016-04-10 21:45:59.800000,1.14101,1.14070,2250000,1370000
2016-04-10 21:46:00.794000,1.14104,1.14069,2250000,1370000
2016-04-10 21:46:01.344000,1.14103,1.14067,2250000,1750000
2016-04-10 21:46:03.098000,1.14102,1.14069,1000000,1370000
2016-04-10 21:46:03.200000,1.14102,1.14065,1070000,1370000
2016-04-10 21:46:07.499000,1.14102,1.14064,4870000,2250000
2016-04-10 21:46:07.809000,1.14097,1.14061,1120000,1120000
2016-04-10 21:46:08.939000,1.14096,1.14061,2620000,1000000
2016-04-10 21:46:12.669000,1.14094,1.14058,1070000,3820000
2016-04-10 21:46:12.720000,1.14087,1.14058,1000000,3450000
2016-04-10 21:46:12.771000,1.14087,1.14058,1000000,2700000
2016-04-10 21:46:12.822000,1.14080,1.14058,1250000,2320000
2016-04-10 21:46:16.058000,1.14080,1.14059,1250000,1000000
2016-04-10 21:46:16.362000,1.14075,1.14059,1250000,1000000
2016-04-10 21:46:16.868000,1.14075,1.14059,1320000,1000000
2016-04-10 21:46:18.480000,1.14075,1.14059,1250000,1000000
2016-04-10 21:46:20.146000,1.14075,1.14060,1250000,1000000
2016-04-10 21:46:20.686000,1.14075,1.14061,1250000,1000000
2016-04-10 21:46:20.989000,1.14075,1.14063,1250000,1000000
2016-04-10 21:46:24.385000,1.14072,1.14063,1250000,1000000
2016-04-10 21:46:24.436000,1.14072,1.14055,1250000,1070000
2016-04-10 21:46:24.538000,1.14071,1.14051,1250000,1470000
2016-04-10 21:46:39.331000,1.14070,1.14051,1250000,1470000
2016-04-10 21:46:39.432000,1.14067,1.14055,1250000,1000000
2016-04-10 21:46:39.966000,1.14067,1.14054,1250000,1000000
2016-04-10 21:46:40.494000,1.14067,1.14054,1190000,1000000
2016-04-10 21:46:42.947000,1.14064,1.14054,1190000,1000000
2016-04-10 21:46:42.998000,1.14064,1.14050,1190000,1000000
2016-04-10 21:46:44.675000,1.14064,1.14053,1190000,1000000
2016-04-10 21:46:44.726000,1.14071,1.14053,1000000,1000000
2016-04-10 21:46:44.777000,1.14082,1.14053,1070000,1370000
2016-04-10 21:46:45.282000,1.14080,1.14053,1570000,1370000
2016-04-10 21:46:50.303000,1.14083,1.14053,1070000,1450000
2016-04-10 21:48:01.361000,1.14084,1.14056,1100000,2250000
2016-04-10 21:48:02.462000,1.14080,1.14056,1000000,2250000
2016-04-10 21:48:02.967000,1.14079,1.14056,1000000,2250000
2016-04-10 21:48:05.118000,1.14080,1.14056,1500000,1500000
2016-04-10 21:48:05.822000,1.14079,1.14056,1000000,2250000
2016-04-10 21:48:07.923000,1.14083,1.14056,1100000,2250000
2016-04-10 21:48:16.847000,1.14086,1.14056,1100000,2250000
2016-04-10 21:48:42.259000,1.14086,1.14058,1100000,1000000
2016-04-10 21:48:42.563000,1.14090,1.14059,1620000,1000000
2016-04-10 21:48:54.156000,1.14090,1.14059,1320000,2250000
2016-04-10 21:48:54.258000,1.14090,1.14059,1620000,2250000
2016-04-10 21:48:55.109000,1.14090,1.14059,1320000,2250000
2016-04-10 21:48:56.863000,1.14090,1.14061,1320000,1120000
2016-04-10 21:49:42.002000,1.14086,1.14061,1000000,2250000
2016-04-10 21:50:03.331000,1.14086,1.14058,1100000,1500000
2016-04-10 21:50:04.936000,1.14084,1.14058,1000000,1000000
2016-04-10 21:50:10.213000,1.14084,1.14057,1000000,2250000
2016-04-10 21:50:11.130000,1.14084,1.14058,1000000,1000000
2016-04-10 21:50:17.209000,1.14084,1.14057,1000000,2250000
2016-04-10 21:50:18.022000,1.14084,1.14058,1000000,1000000
2016-04-10 21:50:22.518000,1.14084,1.14057,1000000,2250000
2016-04-10 21:50:23.219000,1.14084,1.14058,1000000,1000000
2016-04-10 21:50:29.238000,1.14084,1.14057,1000000,2250000
2016-04-10 21:50:29.921000,1.14084,1.14058,1000000,1000000
2016-04-10 21:51:09.918000,1.14087,1.14058,2250000,2320000
2016-04-10 21:51:10.020000,1.14087,1.14058,1500000,1570000
2016-04-10 21:52:06.572000,1.14088,1.14060,1000000,3070000
2016-04-10 21:52:13.853000,1.14088,1.14062,1000000,1000000
2016-04-10 21:52:14.208000,1.14090,1.14061,1000000,2700000
2016-04-10 21:52:14.259000,1.14090,1.14061,1000000,3000000
2016-04-10 21:52:49.771000,1.14090,1.14061,1000000,3000000
2016-04-10 21:52:49.922000,1.14090,1.14061,1000000,3000000
2016-04-10 21:52:57.019000,1.14098,1.14063,1260000,1070000
2016-04-10 21:52:58.366000,1.14097,1.14064,1070000,2250000
2016-04-10 21:52:58.938000,1.14097,1.14064,1070000,1000000
2016-04-10 21:53:00.489000,1.14097,1.14065,1070000,1000000
2016-04-10 21:53:00.692000,1.14098,1.14067,1000000,1000000
2016-04-10 21:53:01.198000,1.14097,1.14067,1250000,1000000
2016-04-10 21:53:03.493000,1.14097,1.14067,1320000,1000000
2016-04-10 21:53:04.051000,1.14097,1.14067,1250000,1000000
2016-04-10 21:53:07.250000,1.14097,1.14068,1250000,2250000
2016-04-10 21:53:07.786000,1.14097,1.14068,1250000,3070000
2016-04-10 21:53:10.390000,1.14097,1.14068,1250000,2250000
2016-04-10 21:53:12.570000,1.14090,1.14068,1000000,3000000
2016-04-10 21:53:13.075000,1.14090,1.14069,1000000,1000000
2016-04-10 21:53:44.957000,1.14090,1.14067,1000000,3000000
2016-04-10 21:53:56.944000,1.14097,1.14068,1070000,1000000
2016-04-10 21:54:00.643000,1.14097,1.14069,1070000,1000000
2016-04-10 21:54:00.796000,1.14097,1.14069,1310000,3000000
2016-04-10 21:54:03.775000,1.14097,1.14069,1310000,3000000
2016-04-10 21:54:04.149000,1.14090,1.14069,1000000,3000000
2016-04-10 21:54:05.306000,1.14093,1.14069,1100000,3000000
2016-04-10 21:54:05.408000,1.14090,1.14068,1000000,1000000
2016-04-10 21:54:05.914000,1.14090,1.14069,1000000,1000000
2016-04-10 21:54:18.046000,1.14090,1.14068,1000000,1000000
2016-04-10 21:54:25.554000,1.14090,1.14066,1000000,3000000
2016-04-10 21:54:48.273000,1.14094,1.14066,1070000,3000000
2016-04-10 21:54:48.324000,1.14094,1.14068,1070000,1000000
2016-04-10 21:54:50.191000,1.14097,1.14067,1310000,1000000
2016-04-10 21:54:51.133000,1.14097,1.14068,1120000,1000000
2016-04-10 21:54:54.040000,1.14097,1.14068,1370000,1000000
2016-04-10 21:54:59.063000,1.14097,1.14068,1370000,2250000
2016-04-10 21:54:59.446000,1.14097,1.14068,1370000,3000000
2016-04-10 21:55:02.712000,1.14097,1.14068,1620000,3000000
2016-04-10 21:55:03.159000,1.14097,1.14068,1120000,3000000
2016-04-10 21:55:03.703000,1.14097,1.14069,1620000,1000000
2016-04-10 21:55:06.512000,1.14097,1.14068,1370000,3750000
2016-04-10 21:55:06.564000,1.14098,1.14068,1620000,3750000
2016-04-10 21:55:07.658000,1.14097,1.14068,1370000,1500000
2016-04-10 21:55:17.030000,1.14090,1.14068,1000000,1000000
2016-04-10 21:55:38.050000,1.14090,1.14067,1000000,2250000
2016-04-10 21:55:56.383000,1.14090,1.14068,1000000,1000000
2016-04-10 21:56:01.466000,1.14090,1.14069,1000000,1000000
2016-04-10 21:56:16.985000,1.14095,1.14067,1070000,3000000
2016-04-10 21:56:18.012000,1.14097,1.14068,1070000,1000000
2016-04-10 21:56:28.622000,1.14097,1.14068,1370000,1000000
2016-04-10 21:56:29.159000,1.14097,1.14067,1370000,3000000
2016-04-10 21:56:51.363000,1.14098,1.14067,1620000,2250000
2016-04-10 21:57:03.092000,1.14097,1.14067,1070000,2250000
2016-04-10 21:57:14.744000,1.14097,1.14067,1370000,3000000
2016-04-10 21:57:17.114000,1.14096,1.14067,1370000,4120000
2016-04-10 21:57:21.164000,1.14096,1.14067,1070000,4120000
2016-04-10 21:57:22.249000,1.14097,1.14067,1870000,1500000
2016-04-10 21:57:42.069000,1.14096,1.14067,1370000,1000000
2016-04-10 21:57:48.766000,1.14097,1.14067,1370000,2250000
2016-04-10 21:57:49.221000,1.14093,1.14067,1120000,2250000
2016-04-10 21:57:51.832000,1.14095,1.14066,1870000,2250000
2016-04-10 21:57:52.361000,1.14094,1.14067,1370000,1000000
2016-04-10 21:57:54.239000,1.14095,1.14066,1870000,2250000
2016-04-10 21:57:55.333000,1.14094,1.14067,1370000,1000000
2016-04-10 21:58:01.148000,1.14093,1.14066,1120000,1500000
2016-04-10 21:58:01.654000,1.14093,1.14065,1120000,3750000
2016-04-10 21:58:05.049000,1.14093,1.14065,1070000,3750000
2016-04-10 21:58:08.152000,1.14093,1.14065,1870000,3750000
2016-04-10 21:58:09.543000,1.14092,1.14071,1120000,1000000
2016-04-10 21:58:09.695000,1.14096,1.14071,1070000,1000000
2016-04-10 21:58:11.760000,1.14097,1.14071,1690000,1000000
2016-04-10 21:58:12.366000,1.14096,1.14071,1000000,1000000
2016-04-10 21:58:13.071000,1.14097,1.14071,1320000,1000000
2016-04-10 21:58:20.331000,1.14097,1.14071,1760000,1000000
2016-04-10 21:58:53.789000,1.14097,1.14072,1320000,1000000
2016-04-10 21:59:11.287000,1.14097,1.14072,940000,750000
2016-04-10 21:59:11.859000,1.14097,1.14070,940000,2250000
2016-04-10 21:59:11.910000,1.14093,1.14068,750000,1500000
2016-04-10 21:59:12.011000,1.14093,1.14063,820000,2250000
2016-04-10 21:59:12.164000,1.14091,1.14063,100000,2250000
2016-04-10 21:59:13.275000,1.14091,1.14062,100000,2250000
2016-04-10 21:59:13.777000,1.14091,1.14063,100000,2250000
2016-04-10 21:59:15.228000,1.14093,1.14062,820000,100000
2016-04-10 21:59:15.329000,1.14092,1.14059,100000,1950000
2016-04-10 21:59:18.640000,1.14093,1.14062,820000,100000
2016-04-10 21:59:19,1.14090,1.14059,100000,1950000
2016-04-10 21:59:20.859000,1.14092,1.14061,100000,100000
2016-04-10 21:59:33.168000,1.14090,1.14058,100000,750000
2016-04-10 21:59:36.551000,1.14093,1.14064,1500000,100000
2016-04-10 21:59:36.703000,1.14091,1.14060,100000,100000
2016-04-10 21:59:36.906000,1.14093,1.14064,750000,100000
2016-04-10 21:59:37.007000,1.14091,1.14060,100000,100000
2016-04-10 21:59:37.108000,1.14093,1.14064,1500000,100000
2016-04-10 21:59:37.210000,1.14091,1.14060,100000,100000
2016-04-10 21:59:37.563000,1.14093,1.14064,1500000,100000
2016-04-10 21:59:37.665000,1.14091,1.14058,100000,820000
2016-04-10 21:59:38.120000,1.14093,1.14064,1500000,100000
2016-04-10 21:59:38.221000,1.14091,1.14058,100000,820000
2016-04-10 21:59:38.322000,1.14093,1.14064,1500000,100000
2016-04-10 21:59:38.575000,1.14090,1.14059,100000,100000
2016-04-10 21:59:38.879000,1.14093,1.14064,1500000,100000
2016-04-10 21:59:39.081000,1.14090,1.14059,100000,100000
2016-04-10 21:59:39.587000,1.14089,1.14058,100000,820000
2016-04-10 21:59:40.092000,1.14090,1.14059,100000,100000
2016-04-10 21:59:40.295000,1.14093,1.14063,1500000,100000
2016-04-10 21:59:40.450000,1.14090,1.14059,100000,100000
2016-04-10 21:59:40.858000,1.14093,1.14063,1500000,100000
2016-04-10 21:59:41.061000,1.14091,1.14060,100000,100000
2016-04-10 21:59:41.212000,1.14089,1.14058,100000,820000
2016-04-10 21:59:41.718000,1.14090,1.14059,100000,100000
2016-04-10 21:59:42.224000,1.14089,1.14058,100000,820000
2016-04-10 21:59:42.948000,1.14088,1.14058,100000,750000
2016-04-10 21:59:43.151000,1.14091,1.14060,100000,100000
2016-04-10 21:59:43.691000,1.14090,1.14059,100000,100000
2016-04-10 21:59:44.043000,1.14093,1.14063,1500000,100000
2016-04-10 21:59:44.144000,1.14090,1.14059,100000,100000
2016-04-10 21:59:44.702000,1.14091,1.14060,100000,100000
2016-04-10 21:59:44.803000,1.14093,1.14063,750000,100000
2016-04-10 21:59:44.956000,1.14091,1.14060,100000,100000
2016-04-10 21:59:45.260000,1.14089,1.14058,100000,750000
2016-04-10 21:59:45.565000,1.14093,1.14063,1500000,100000
2016-04-10 21:59:45.616000,1.14090,1.14059,100000,100000
2016-04-10 21:59:45.718000,1.14093,1.14063,1500000,100000
2016-04-10 21:59:45.920000,1.14090,1.14059,100000,100000
2016-04-10 21:59:46.122000,1.14093,1.14063,1500000,100000
2016-04-10 21:59:46.276000,1.14090,1.14059,100000,100000
2016-04-10 21:59:46.791000,1.14089,1.14058,100000,820000
2016-04-10 21:59:47.145000,1.14093,1.14063,750000,100000
2016-04-10 21:59:47.247000,1.14090,1.14059,100000,100000
2016-04-10 21:59:47.449000,1.14093,1.14063,1500000,100000
2016-04-10 21:59:47.551000,1.14089,1.14058,100000,820000
2016-04-10 21:59:48.056000,1.14090,1.14059,100000,100000
2016-04-10 21:59:48.650000,1.14093,1.14063,1500000,100000
2016-04-10 21:59:48.801000,1.14091,1.14058,100000,820000
2016-04-10 21:59:49.134000,1.14093,1.14063,1500000,100000
2016-04-10 21:59:49.235000,1.14090,1.14058,100000,750000
2016-04-10 21:59:50.097000,1.14093,1.14063,1500000,100000
2016-04-10 21:59:50.199000,1.14089,1.14058,100000,820000
2016-04-10 21:59:52.311000,1.14091,1.14060,100000,100000
2016-04-10 21:59:52.833000,1.14089,1.14058,100000,820000
2016-04-10 21:59:52.985000,1.14093,1.14061,750000,100000
2016-04-10 21:59:53.105000,1.14089,1.14058,100000,100000
2016-04-10 21:59:57.608000,1.14088,1.14055,100000,1570000
2016-04-10 21:59:57.669000,1.14085,1.14055,100000,1500000
2016-04-10 21:59:57.821000,1.14089,1.14058,100000,100000
2016-04-10 21:59:57.922000,1.14086,1.14055,100000,1500000
2016-04-10 21:59:58.226000,1.14085,1.14057,750000,100000
2016-04-10 21:59:58.883000,1.14085,1.14053,750000,100000
2016-04-10 22:00:00.066000,1.14085,1.14056,750000,370000
2016-04-10 22:00:00.370000,1.14075,1.14064,750000,750000
2016-04-10 22:00:00.421000,1.14075,1.14059,2250000,750000
2016-04-10 22:00:00.573000,1.14073,1.14060,750000,750000
2016-04-10 22:00:00.878000,1.14059,1.14057,750000,750000
2016-04-10 22:00:01.032000,1.14060,1.14048,750000,750000
2016-04-10 22:00:01.133000,1.14066,1.14049,1500000,750000
2016-04-10 22:00:01.259000,1.14066,1.14051,1500000,750000
2016-04-10 22:00:01.619000,1.14064,1.14051,1500000,820000
2016-04-10 22:00:01.924000,1.14059,1.14047,750000,2250000
2016-04-10 22:00:02.228000,1.14061,1.14051,370000,750000
2016-04-10 22:00:02.481000,1.14059,1.14047,750000,1500000
2016-04-10 22:00:02.583000,1.14061,1.14048,370000,750000
2016-04-10 22:00:02.684000,1.14061,1.14050,370000,750000
2016-04-10 22:00:03.012000,1.14059,1.14048,750000,750000
2016-04-10 22:00:03.647000,1.14059,1.14047,750000,2250000
2016-04-10 22:00:04.173000,1.14059,1.14048,750000,750000
2016-04-10 22:00:04.720000,1.14059,1.14049,750000,750000
2016-04-10 22:00:05.088000,1.14061,1.14051,370000,750000
2016-04-10 22:00:05.672000,1.14059,1.14049,750000,750000
2016-04-10 22:00:05.975000,1.14061,1.14051,370000,750000
2016-04-10 22:00:06.321000,1.14059,1.14049,750000,750000
2016-04-10 22:00:06.524000,1.14059,1.14047,750000,1500000
2016-04-10 22:00:06.874000,1.14061,1.14051,370000,750000
2016-04-10 22:00:07.079000,1.14060,1.14047,750000,1500000
2016-04-10 22:00:08.494000,1.14061,1.14047,370000,1500000
2016-04-10 22:00:08.747000,1.14060,1.14040,750000,2250000
2016-04-10 22:00:09.063000,1.14056,1.14040,750000,2250000
2016-04-10 22:00:09.165000,1.14059,1.14040,750000,2250000
2016-04-10 22:00:09.278000,1.14061,1.14040,1500000,2250000
2016-04-10 22:00:09.380000,1.14061,1.14038,750000,2250000
2016-04-10 22:00:09.634000,1.14054,1.14039,2250000,1120000
2016-04-10 22:00:10.494000,1.14053,1.14039,750000,1120000
2016-04-10 22:00:11.015000,1.14056,1.14039,750000,1120000
2016-04-10 22:00:11.066000,1.14053,1.14039,750000,1870000
2016-04-10 22:00:11.269000,1.14057,1.14041,750000,1500000
2016-04-10 22:00:11.736000,1.14057,1.14039,750000,2620000
2016-04-10 22:00:11.841000,1.14051,1.14039,750000,2620000
2016-04-10 22:00:11.943000,1.14054,1.14039,750000,2620000
2016-04-10 22:00:12.248000,1.14057,1.14039,750000,2620000
2016-04-10 22:00:12.349000,1.14055,1.14039,750000,1500000
2016-04-10 22:00:12.451000,1.14057,1.14039,750000,1500000
2016-04-10 22:00:12.567000,1.14055,1.14039,750000,2620000
2016-04-10 22:00:12.669000,1.14059,1.14039,1270000,2620000
2016-04-10 22:00:13.189000,1.14058,1.14039,820000,2620000
2016-04-10 22:00:13.341000,1.14055,1.14039,750000,2620000
2016-04-10 22:00:14.601000,1.14058,1.14039,100000,450000
2016-04-10 22:00:15.280000,1.14049,1.14039,450000,450000
2016-04-10 22:00:17.355000,1.14049,1.14036,450000,750000
2016-04-10 22:00:17.507000,1.14049,1.14034,450000,2250000
2016-04-10 22:00:20.490000,1.14050,1.14030,450000,2620000
2016-04-10 22:00:21.159000,1.14049,1.14030,450000,2620000
2016-04-10 22:00:21.552000,1.14039,1.14030,450000,3370000
2016-04-10 22:00:21.654000,1.14044,1.14028,450000,1500000
2016-04-10 22:00:21.756000,1.14044,1.14025,450000,750000
2016-04-10 22:00:22.060000,1.14044,1.14029,450000,450000
2016-04-10 22:00:22.863000,1.14049,1.14029,450000,450000
2016-04-10 22:00:23.269000,1.14044,1.14027,1120000,750000
2016-04-10 22:00:23.320000,1.14044,1.14025,1120000,1500000
2016-04-10 22:00:23.422000,1.14044,1.14023,1120000,750000
2016-04-10 22:00:23.861000,1.14039,1.14024,450000,750000
2016-04-10 22:00:23.912000,1.14039,1.14022,450000,2320000
2016-04-10 22:00:24.014000,1.14039,1.14024,450000,750000
2016-04-10 22:00:24.271000,1.14047,1.14024,750000,1870000
2016-04-10 22:00:24.395000,1.14049,1.14027,1200000,750000
2016-04-10 22:00:24.700000,1.14049,1.14029,450000,750000
2016-04-10 22:00:25.265000,1.14050,1.14029,450000,750000
2016-04-10 22:00:26.087000,1.14049,1.14031,450000,750000
2016-04-10 22:00:26.501000,1.14045,1.14030,1120000,750000
2016-04-10 22:00:26.552000,1.14045,1.14028,1120000,1950000
2016-04-10 22:00:27.220000,1.14045,1.14030,1120000,370000
2016-04-10 22:00:28.384000,1.14045,1.14029,1120000,370000
2016-04-10 22:00:28.967000,1.14045,1.14030,1120000,370000
2016-04-10 22:00:31.391000,1.14049,1.14044,450000,100000
2016-04-10 22:00:31.594000,1.14049,1.14030,450000,1870000
2016-04-10 22:00:32.130000,1.14050,1.14030,370000,1870000
2016-04-10 22:00:32.645000,1.14051,1.14030,370000,1500000
2016-04-10 22:00:33.124000,1.14044,1.14030,450000,1870000
2016-04-10 22:00:37.991000,1.14044,1.14031,450000,750000
2016-04-10 22:00:38.405000,1.14044,1.14033,450000,750000
2016-04-10 22:00:38.952000,1.14044,1.14034,450000,1500000
2016-04-10 22:00:42.054000,1.14049,1.14034,300000,1500000
2016-04-10 22:00:47.123000,1.14049,1.14037,300000,750000
2016-04-10 22:00:51.124000,1.14049,1.14039,300000,750000
2016-04-10 22:00:51.226000,1.14054,1.14041,450000,1500000
2016-04-10 22:00:51.530000,1.14049,1.14043,450000,100000
2016-04-10 22:00:52.830000,1.14049,1.14038,1120000,1870000
2016-04-10 22:00:56.315000,1.14049,1.14040,1120000,1500000
2016-04-10 22:00:56.366000,1.14054,1.14041,450000,750000
2016-04-10 22:00:56.889000,1.14054,1.14042,450000,1500000
2016-04-10 22:00:57.395000,1.14054,1.14043,450000,750000
2016-04-10 22:00:57.938000,1.14055,1.14042,1120000,750000
2016-04-10 22:00:58.484000,1.14055,1.14041,1120000,2620000
2016-04-10 22:00:58.585000,1.14055,1.14048,1120000,370000
2016-04-10 22:00:59.966000,1.14055,1.14047,1120000,370000
2016-04-10 22:01:00.470000,1.14055,1.14048,1120000,370000
2016-04-10 22:01:01.177000,1.14054,1.14048,1120000,370000
2016-04-10 22:01:04.231000,1.14054,1.14047,1120000,370000
2016-04-10 22:01:04.742000,1.14054,1.14048,1120000,370000
2016-04-10 22:01:05.298000,1.14054,1.14050,1120000,370000
2016-04-10 22:01:05.704000,1.14054,1.14053,1120000,110000
2016-04-10 22:01:07.679000,1.14054,1.14042,1120000,450000
2016-04-10 22:01:07.780000,1.14054,1.14040,1120000,820000
2016-04-10 22:01:08.693000,1.14054,1.14041,1120000,100000
2016-04-10 22:01:09.474000,1.14054,1.14040,1120000,750000
2016-04-10 22:01:09.677000,1.14050,1.14040,450000,750000
2016-04-10 22:01:09.890000,1.14049,1.14038,450000,1500000
2016-04-10 22:01:10.872000,1.14049,1.14037,1120000,1500000
2016-04-10 22:01:14.248000,1.14049,1.14038,1120000,370000
2016-04-10 22:01:14.451000,1.14049,1.14036,1120000,2250000
2016-04-10 22:01:14.553000,1.14049,1.14039,1120000,100000
2016-04-10 22:01:14.706000,1.14049,1.14036,1120000,1870000
2016-04-10 22:01:15.326000,1.14049,1.14038,1120000,370000
2016-04-10 22:01:15.427000,1.14049,1.14036,1120000,1500000
2016-04-10 22:01:15.935000,1.14049,1.14038,1120000,370000
2016-04-10 22:01:16.138000,1.14049,1.14036,1120000,1500000
2016-04-10 22:01:16.291000,1.14049,1.14038,1120000,600000
2016-04-10 22:01:16.544000,1.14049,1.14036,1120000,750000
2016-04-10 22:01:16.697000,1.14049,1.14038,1120000,600000
2016-04-10 22:01:16.873000,1.14049,1.14036,1120000,1500000
2016-04-10 22:01:16.924000,1.14049,1.14038,1120000,750000
2016-04-10 22:01:17.127000,1.14049,1.14036,1120000,1870000
2016-04-10 22:01:17.336000,1.14050,1.14038,1120000,370000
2016-04-10 22:01:17.793000,1.14049,1.14036,1120000,2250000
2016-04-10 22:01:17.844000,1.14049,1.14038,1120000,370000
2016-04-10 22:01:18.047000,1.14049,1.14036,1120000,1500000
2016-04-10 22:01:18.149000,1.14049,1.14038,1120000,750000
2016-04-10 22:01:18.711000,1.14050,1.14039,1120000,100000
2016-04-10 22:01:19.067000,1.14050,1.14036,1120000,820000
2016-04-10 22:01:19.591000,1.14049,1.14036,1120000,820000
2016-04-10 22:01:21.024000,1.14049,1.14038,1120000,750000
2016-04-10 22:01:21.228000,1.14049,1.14036,1120000,1500000
2016-04-10 22:01:21.745000,1.14049,1.14037,1120000,100000
2016-04-10 22:01:22.253000,1.14049,1.14036,1120000,1500000
2016-04-10 22:01:22.964000,1.14049,1.14038,1120000,750000
2016-04-10 22:01:23.117000,1.14050,1.14036,1120000,1500000
2016-04-10 22:01:23.346000,1.14049,1.14038,450000,1500000
2016-04-10 22:01:23.498000,1.14054,1.14040,1120000,1500000
2016-04-10 22:01:23.549000,1.14054,1.14042,1120000,750000
2016-04-10 22:01:24.210000,1.14054,1.14041,1120000,1570000
2016-04-10 22:01:24.747000,1.14054,1.14040,1120000,1500000
2016-04-10 22:01:25.509000,1.14054,1.14044,1120000,370000
2016-04-10 22:01:25.915000,1.14054,1.14040,1120000,1500000
2016-04-10 22:01:27.115000,1.14055,1.14040,1120000,1500000
2016-04-10 22:01:27.622000,1.14054,1.14040,1120000,1500000
2016-04-10 22:01:30.034000,1.14055,1.14040,1120000,1500000
2016-04-10 22:01:30.541000,1.14054,1.14040,1120000,1500000
2016-04-10 22:01:31.519000,1.14055,1.14040,1120000,1500000
2016-04-10 22:01:33.104000,1.14055,1.14042,1120000,750000
2016-04-10 22:01:33.307000,1.14055,1.14040,1120000,1870000
2016-04-10 22:01:33.664000,1.14051,1.14040,450000,370000
2016-04-10 22:01:34.171000,1.14051,1.14039,450000,1570000
2016-04-10 22:01:34.677000,1.14050,1.14039,450000,1570000
2016-04-10 22:01:35.827000,1.14051,1.14039,450000,1570000
2016-04-10 22:01:36.357000,1.14050,1.14039,450000,1570000
2016-04-10 22:01:37.168000,1.14051,1.14039,450000,1570000
2016-04-10 22:01:37.503000,1.14050,1.14042,450000,100000
2016-04-10 22:01:42.449000,1.14050,1.14041,450000,100000
2016-04-10 22:01:43.090000,1.14050,1.14042,450000,100000
2016-04-10 22:01:47.308000,1.14050,1.14046,450000,100000
2016-04-10 22:01:48.195000,1.14050,1.14045,450000,100000
2016-04-10 22:01:50.913000,1.14050,1.14038,450000,750000
2016-04-10 22:01:51.416000,1.14050,1.14037,450000,1500000
2016-04-10 22:01:51.922000,1.14051,1.14038,450000,1500000
2016-04-10 22:01:52.430000,1.14051,1.14037,450000,1500000
2016-04-10 22:01:52.937000,1.14050,1.14037,450000,1500000
2016-04-10 22:01:53.455000,1.14051,1.14037,450000,1500000
2016-04-10 22:01:53.963000,1.14050,1.14037,450000,1500000
2016-04-10 22:01:54.369000,1.14050,1.14035,1120000,1500000
2016-04-10 22:01:55.181000,1.14051,1.14035,1120000,1500000
2016-04-10 22:01:55.687000,1.14050,1.14035,1120000,750000
2016-04-10 22:01:56.318000,1.14050,1.14034,1120000,750000
2016-04-10 22:01:59.118000,1.14051,1.14050,1120000,100000
2016-04-10 22:01:59.169000,1.14053,1.14050,370000,150000
2016-04-10 22:01:59.221000,1.14059,1.14050,820000,150000
2016-04-10 22:01:59.322000,1.14058,1.14043,750000,100000
2016-04-10 22:01:59.525000,1.14058,1.14038,1500000,1500000
2016-04-10 22:02:00.639000,1.14058,1.14048,1500000,370000
2016-04-10 22:02:02.142000,1.14058,1.14047,1500000,370000
2016-04-10 22:02:02.547000,1.14058,1.14038,1500000,1500000
2016-04-10 22:02:02.750000,1.14058,1.14048,1500000,370000
2016-04-10 22:02:03.257000,1.14057,1.14048,1500000,370000
2016-04-10 22:02:03.866000,1.14057,1.14047,1500000,370000
2016-04-10 22:02:04.069000,1.14045,1.14033,450000,1500000
2016-04-10 22:02:04.171000,1.14045,1.14030,450000,1500000
2016-04-10 22:02:05.621000,1.14046,1.14030,450000,1500000
2016-04-10 22:02:06.128000,1.14045,1.14030,450000,1500000
2016-04-10 22:02:07.122000,1.14046,1.14030,450000,1500000
2016-04-10 22:02:07.731000,1.14045,1.14030,450000,1500000
2016-04-10 22:02:09.956000,1.14045,1.14032,450000,750000
2016-04-10 22:02:10.469000,1.14045,1.14031,450000,1500000
2016-04-10 22:02:10.774000,1.14045,1.14033,450000,750000
2016-04-10 22:02:11.515000,1.14045,1.14032,450000,1500000
2016-04-10 22:02:12.023000,1.14050,1.14034,450000,750000
2016-04-10 22:02:12.175000,1.14050,1.14036,450000,750000
2016-04-10 22:02:12.480000,1.14040,1.14035,450000,1570000
2016-04-10 22:02:12.632000,1.14046,1.14031,1120000,750000
2016-04-10 22:02:13.156000,1.14045,1.14031,1120000,1500000
2016-04-10 22:02:13.814000,1.14045,1.14030,1120000,1500000
2016-04-10 22:02:14.354000,1.14045,1.14031,1120000,1500000
2016-04-10 22:02:14.875000,1.14046,1.14031,1120000,750000
2016-04-10 22:02:15.383000,1.14045,1.14031,1120000,1500000
2016-04-10 22:02:17.747000,1.14046,1.14031,1120000,2250000
2016-04-10 22:02:18.264000,1.14045,1.14032,1120000,1500000
2016-04-10 22:02:18.872000,1.14045,1.14039,1120000,750000
2016-04-10 22:02:19.126000,1.14050,1.14040,450000,3000000
2016-04-10 22:02:19.177000,1.14050,1.14042,450000,750000
2016-04-10 22:02:19.431000,1.14055,1.14045,1120000,1500000
2016-04-10 22:02:19.532000,1.14055,1.14043,1120000,1500000
2016-04-10 22:02:19.685000,1.14055,1.14053,1870000,100000
2016-04-10 22:02:20.327000,1.14056,1.14053,450000,100000
2016-04-10 22:02:20.835000,1.14055,1.14053,450000,100000
2016-04-10 22:02:21.344000,1.14056,1.14053,450000,100000
2016-04-10 22:02:21.851000,1.14055,1.14053,450000,100000
2016-04-10 22:02:22.206000,1.14055,1.14046,450000,1500000
2016-04-10 22:02:22.819000,1.14056,1.14046,450000,1500000
2016-04-10 22:02:23.331000,1.14055,1.14046,450000,1500000
2016-04-10 22:02:23.838000,1.14056,1.14046,450000,1500000
2016-04-10 22:02:24.345000,1.14055,1.14046,450000,1500000
2016-04-10 22:02:26.283000,1.14056,1.14046,450000,1500000
2016-04-10 22:02:26.791000,1.14055,1.14046,450000,1500000
2016-04-10 22:02:27.298000,1.14055,1.14047,450000,1500000
2016-04-10 22:02:27.804000,1.14055,1.14048,450000,750000
2016-04-10 22:02:27.956000,1.14060,1.14047,820000,1500000
2016-04-10 22:02:28.109000,1.14060,1.14049,820000,750000
2016-04-10 22:02:28.616000,1.14060,1.14050,820000,1500000
2016-04-10 22:02:30.746000,1.14056,1.14048,450000,1500000
2016-04-10 22:02:30.849000,1.14050,1.14044,450000,1500000
2016-04-10 22:02:31.002000,1.14050,1.14046,450000,750000
2016-04-10 22:02:31.053000,1.14053,1.14046,100000,1500000
2016-04-10 22:02:31.205000,1.14060,1.14047,820000,750000
2016-04-10 22:02:32.066000,1.14060,1.14048,1500000,790000
2016-04-10 22:02:32.592000,1.14060,1.14049,1500000,750000
2016-04-10 22:02:33.100000,1.14060,1.14048,1500000,750000
2016-04-10 22:02:33.923000,1.14060,1.14047,1200000,3110000
2016-04-10 22:02:34.887000,1.14060,1.14048,1120000,750000
2016-04-10 22:02:36.160000,1.14061,1.14048,1120000,1500000
2016-04-10 22:02:36.363000,1.14060,1.14046,1120000,1870000
2016-04-10 22:02:36.414000,1.14060,1.14048,1120000,750000
2016-04-10 22:02:36.921000,1.14060,1.14047,1120000,3110000
2016-04-10 22:02:37.742000,1.14060,1.14048,370000,750000
2016-04-10 22:02:38.249000,1.14060,1.14049,1500000,1500000
2016-04-10 22:02:38.350000,1.14060,1.14047,1500000,1500000
2016-04-10 22:02:38.840000,1.14060,1.14049,1500000,1500000
2016-04-10 22:02:39.044000,1.14060,1.14047,1500000,750000
2016-04-10 22:02:39.398000,1.14060,1.14049,1500000,750000
2016-04-10 22:02:39.956000,1.14060,1.14048,1120000,1500000
2016-04-10 22:02:40.392000,1.14060,1.14045,1500000,1500000
2016-04-10 22:02:40.505000,1.14060,1.14048,1120000,750000
2016-04-10 22:02:41.973000,1.14059,1.14048,750000,1500000
2016-04-10 22:02:42.480000,1.14060,1.14048,1500000,1500000
2016-04-10 22:02:43.138000,1.14059,1.14048,750000,1500000
2016-04-10 22:02:43.672000,1.14060,1.14048,3370000,1500000
2016-04-10 22:02:44.281000,1.14058,1.14048,750000,1500000
2016-04-10 22:02:44.383000,1.14060,1.14048,2620000,1500000
2016-04-10 22:02:44.586000,1.14058,1.14048,750000,1500000
2016-04-10 22:02:44.687000,1.14060,1.14048,3000000,1500000
2016-04-10 22:02:44.845000,1.14058,1.14048,750000,1500000
2016-04-10 22:02:44.947000,1.14060,1.14048,2620000,1500000
2016-04-10 22:02:45.150000,1.14058,1.14048,750000,1500000
2016-04-10 22:02:45.352000,1.14060,1.14048,2620000,1500000
2016-04-10 22:02:45.555000,1.14058,1.14048,750000,1500000
2016-04-10 22:02:45.657000,1.14060,1.14048,2250000,1500000
2016-04-10 22:02:45.860000,1.14058,1.14048,750000,1500000
2016-04-10 22:02:45.961000,1.14060,1.14048,2620000,1500000
2016-04-10 22:02:46.164000,1.14058,1.14048,750000,1500000
2016-04-10 22:02:46.366000,1.14060,1.14048,2620000,1500000
2016-04-10 22:02:46.569000,1.14058,1.14048,750000,1500000
2016-04-10 22:02:46.670000,1.14060,1.14048,2620000,1500000
2016-04-10 22:02:46.873000,1.14058,1.14048,750000,1500000
2016-04-10 22:02:46.976000,1.14060,1.14048,2620000,1500000
2016-04-10 22:02:47.157000,1.14058,1.14048,750000,1500000
2016-04-10 22:02:47.258000,1.14060,1.14048,2620000,1500000
2016-04-10 22:02:47.867000,1.14059,1.14048,750000,1500000
2016-04-10 22:02:48.373000,1.14060,1.14048,2250000,1500000
2016-04-10 22:02:48.576000,1.14058,1.14048,750000,1500000
2016-04-10 22:02:48.678000,1.14060,1.14048,2620000,1500000
2016-04-10 22:02:48.881000,1.14058,1.14048,750000,1500000
2016-04-10 22:02:49.085000,1.14060,1.14048,2620000,1500000
2016-04-10 22:02:49.692000,1.14058,1.14048,750000,1500000
2016-04-10 22:02:49.794000,1.14060,1.14048,2620000,1500000
2016-04-10 22:02:50.387000,1.14059,1.14048,750000,1500000
2016-04-10 22:02:50.894000,1.14060,1.14048,2620000,1500000
2016-04-10 22:02:51.046000,1.14058,1.14048,750000,1500000
2016-04-10 22:02:51.148000,1.14060,1.14048,3370000,1500000
2016-04-10 22:02:51.351000,1.14058,1.14048,750000,1500000
2016-04-10 22:02:51.453000,1.14060,1.14048,2620000,1500000
2016-04-10 22:02:51.959000,1.14059,1.14049,750000,750000
2016-04-10 22:02:52.364000,1.14060,1.14047,2250000,1500000
2016-04-10 22:02:52.547000,1.14058,1.14048,750000,750000
2016-04-10 22:02:52.750000,1.14060,1.14048,3370000,1500000
2016-04-10 22:02:52.953000,1.14058,1.14047,750000,1500000
2016-04-10 22:02:53.055000,1.14060,1.14047,3370000,750000
2016-04-10 22:02:53.360000,1.14058,1.14048,750000,1500000
2016-04-10 22:02:53.562000,1.14060,1.14048,3370000,1500000
2016-04-10 22:02:53.766000,1.14058,1.14047,750000,1500000
2016-04-10 22:02:53.867000,1.14060,1.14047,3370000,1500000
2016-04-10 22:02:53.969000,1.14058,1.14047,750000,1500000
2016-04-10 22:02:54.071000,1.14060,1.14047,3370000,1500000
2016-04-10 22:02:54.155000,1.14058,1.14047,750000,1500000
2016-04-10 22:02:54.360000,1.14060,1.14047,4120000,1500000
2016-04-10 22:02:54.562000,1.14058,1.14047,750000,1500000
2016-04-10 22:02:54.664000,1.14060,1.14047,4120000,2250000
2016-04-10 22:02:54.867000,1.14058,1.14048,750000,750000
2016-04-10 22:02:54.968000,1.14060,1.14047,3370000,2250000
2016-04-10 22:02:55.171000,1.14058,1.14048,750000,1500000
2016-04-10 22:02:55.273000,1.14060,1.14048,3370000,1500000
2016-04-10 22:02:55.577000,1.14058,1.14047,750000,2250000
2016-04-10 22:02:55.679000,1.14060,1.14048,2620000,1500000
2016-04-10 22:02:55.882000,1.14058,1.14047,750000,1500000
2016-04-10 22:02:56.085000,1.14060,1.14048,3370000,1500000
2016-04-10 22:02:56.592000,1.14058,1.14047,750000,2250000
2016-04-10 22:02:56.643000,1.14060,1.14047,2250000,2250000
2016-04-10 22:02:56.947000,1.14058,1.14048,750000,750000
2016-04-10 22:02:57.049000,1.14060,1.14048,2620000,1500000
2016-04-10 22:02:57.252000,1.14058,1.14048,750000,750000
2016-04-10 22:02:57.354000,1.14060,1.14048,370000,1500000
2016-04-10 22:02:57.557000,1.14058,1.14048,750000,750000
2016-04-10 22:02:57.690000,1.14060,1.14047,4120000,1500000
2016-04-10 22:02:57.893000,1.14058,1.14047,750000,1500000
2016-04-10 22:02:58.046000,1.14060,1.14048,3370000,750000
2016-04-10 22:02:58.250000,1.14058,1.14048,750000,750000
2016-04-10 22:02:58.351000,1.14060,1.14047,3370000,750000
2016-04-10 22:02:58.554000,1.14058,1.14048,750000,750000
2016-04-10 22:02:58.656000,1.14060,1.14048,2620000,750000
2016-04-10 22:02:58.859000,1.14058,1.14047,750000,2250000
2016-04-10 22:02:58.960000,1.14060,1.14048,3370000,750000
2016-04-10 22:02:59.163000,1.14058,1.14047,750000,1500000
2016-04-10 22:02:59.548000,1.14060,1.14048,2620000,1500000
2016-04-10 22:02:59.750000,1.14058,1.14048,750000,1500000
2016-04-10 22:02:59.953000,1.14060,1.14048,3000000,1500000
2016-04-10 22:03:00.055000,1.14058,1.14048,750000,1500000
2016-04-10 22:03:00.258000,1.14060,1.14048,2620000,1500000
2016-04-10 22:03:00.766000,1.14060,1.14047,4120000,1500000
2016-04-10 22:03:00.899000,1.14058,1.14048,750000,750000
2016-04-10 22:03:00.951000,1.14060,1.14048,2250000,750000
2016-04-10 22:03:01.205000,1.14060,1.14046,3000000,1500000
2016-04-10 22:03:01.357000,1.14058,1.14047,750000,750000
2016-04-10 22:03:01.459000,1.14060,1.14047,2620000,750000
2016-04-10 22:03:01.763000,1.14060,1.14058,370000,750000
2016-04-10 22:03:01.976000,1.14058,1.14047,750000,750000
2016-04-10 22:03:02.078000,1.14060,1.14047,2250000,750000
2016-04-10 22:03:02.281000,1.14057,1.14046,750000,1500000
2016-04-10 22:03:02.383000,1.14060,1.14047,3370000,750000
2016-04-10 22:03:02.967000,1.14058,1.14047,750000,1500000
2016-04-10 22:03:03.069000,1.14060,1.14047,4120000,1500000
2016-04-10 22:03:03.374000,1.14058,1.14047,750000,1500000
2016-04-10 22:03:03.475000,1.14060,1.14047,2620000,1500000
2016-04-10 22:03:03.677000,1.14058,1.14047,750000,1500000
2016-04-10 22:03:03.779000,1.14060,1.14047,4120000,1500000
2016-04-10 22:03:03.981000,1.14058,1.14047,750000,1500000
2016-04-10 22:03:04.184000,1.14060,1.14047,2620000,1500000
2016-04-10 22:03:04.656000,1.14058,1.14048,750000,1500000
2016-04-10 22:03:04.758000,1.14060,1.14048,2620000,1500000
2016-04-10 22:03:04.960000,1.14058,1.14048,750000,750000
2016-04-10 22:03:05.063000,1.14060,1.14048,2250000,750000
2016-04-10 22:03:05.570000,1.14058,1.14048,750000,1500000
2016-04-10 22:03:05.772000,1.14060,1.14048,370000,1500000
2016-04-10 22:03:05.975000,1.14058,1.14048,750000,1500000
2016-04-10 22:03:06.077000,1.14060,1.14048,2620000,1500000
2016-04-10 22:03:06.591000,1.14058,1.14048,750000,1500000
2016-04-10 22:03:06.793000,1.14060,1.14047,3000000,1500000
2016-04-10 22:03:06.996000,1.14058,1.14047,750000,1500000
2016-04-10 22:03:07.097000,1.14060,1.14047,2620000,1500000
2016-04-10 22:03:07.401000,1.14058,1.14047,750000,1500000
2016-04-10 22:03:07.553000,1.14060,1.14047,3370000,1500000
2016-04-10 22:03:07.756000,1.14058,1.14047,750000,1500000
2016-04-10 22:03:07.858000,1.14060,1.14047,3370000,1500000
2016-04-10 22:03:08.166000,1.14058,1.14047,750000,1500000
2016-04-10 22:03:08.268000,1.14060,1.14047,3000000,1500000
2016-04-10 22:03:08.773000,1.14060,1.14048,4120000,1500000
2016-04-10 22:03:08.875000,1.14058,1.14048,750000,1500000
2016-04-10 22:03:08.977000,1.14060,1.14048,3370000,1500000
2016-04-10 22:03:09.382000,1.14058,1.14048,750000,750000
2016-04-10 22:03:09.484000,1.14060,1.14048,2620000,750000
2016-04-10 22:03:09.687000,1.14058,1.14048,750000,1500000
2016-04-10 22:03:09.788000,1.14060,1.14048,2620000,1500000
2016-04-10 22:03:10.001000,1.14058,1.14048,750000,750000
2016-04-10 22:03:10.103000,1.14060,1.14047,3370000,2250000
2016-04-10 22:03:10.305000,1.14058,1.14048,750000,1500000
2016-04-10 22:03:10.458000,1.14060,1.14048,2620000,1500000
2016-04-10 22:03:10.661000,1.14058,1.14048,750000,1500000
2016-04-10 22:03:10.863000,1.14060,1.14048,2620000,1500000
2016-04-10 22:03:11.066000,1.14058,1.14047,750000,750000
2016-04-10 22:03:11.168000,1.14060,1.14046,2620000,3790000
2016-04-10 22:03:11.880000,1.14058,1.14046,750000,1500000
2016-04-10 22:03:11.981000,1.14060,1.14046,2620000,1500000
2016-04-10 22:03:12.184000,1.14058,1.14046,750000,1500000
2016-04-10 22:03:12.286000,1.14060,1.14046,2620000,3790000
2016-04-10 22:03:12.690000,1.14058,1.14045,750000,2250000
2016-04-10 22:03:12.792000,1.14060,1.14045,4120000,3040000
2016-04-10 22:03:12.994000,1.14058,1.14045,750000,750000
2016-04-10 22:03:13.349000,1.14059,1.14043,750000,3190000
2016-04-10 22:03:13.501000,1.14057,1.14045,750000,750000
2016-04-10 22:03:13.602000,1.14060,1.14045,3370000,1500000
2016-04-10 22:03:14.108000,1.14060,1.14046,2620000,1500000
2016-04-10 22:03:14.210000,1.14058,1.14046,750000,1500000
2016-04-10 22:03:14.261000,1.14060,1.14046,2620000,1500000
2016-04-10 22:03:14.476000,1.14058,1.14046,750000,1500000
2016-04-10 22:03:14.578000,1.14060,1.14046,2620000,1500000
2016-04-10 22:03:15.034000,1.14058,1.14045,750000,100000
2016-04-10 22:03:15.560000,1.14059,1.14045,1500000,750000
2016-04-10 22:03:16.118000,1.14060,1.14045,3370000,2620000
2016-04-10 22:03:16.422000,1.14058,1.14045,750000,2360000
2016-04-10 22:03:16.675000,1.14060,1.14045,3370000,2290000
2016-04-10 22:03:16.882000,1.14058,1.14046,750000,750000
2016-04-10 22:03:16.983000,1.14060,1.14046,3370000,750000
2016-04-10 22:03:17.186000,1.14058,1.14045,750000,2620000
2016-04-10 22:03:17.439000,1.14060,1.14045,3370000,750000
2016-04-10 22:03:17.599000,1.14058,1.14045,750000,1540000
2016-04-10 22:03:18.004000,1.14060,1.14045,2620000,3790000
2016-04-10 22:03:18.106000,1.14058,1.14045,750000,1500000
2016-04-10 22:03:18.663000,1.14058,1.14044,750000,1500000
2016-04-10 22:03:19.170000,1.14060,1.14045,370000,750000
2016-04-10 22:03:19.372000,1.14058,1.14045,750000,2250000
2016-04-10 22:03:19.474000,1.14060,1.14045,3370000,3750000
2016-04-10 22:03:19.878000,1.14057,1.14045,750000,1500000
2016-04-10 22:03:19.980000,1.14059,1.14045,750000,2250000
2016-04-10 22:03:20.486000,1.14058,1.14045,750000,3000000
2016-04-10 22:03:20.587000,1.14060,1.14045,3370000,2250000
2016-04-10 22:03:20.790000,1.14058,1.14045,750000,750000
2016-04-10 22:03:20.892000,1.14060,1.14045,1120000,750000
2016-04-10 22:03:20.943000,1.14058,1.14045,750000,750000
2016-04-10 22:03:21.196000,1.14060,1.14045,3370000,1500000
2016-04-10 22:03:21.247000,1.14058,1.14045,750000,1500000
2016-04-10 22:03:21.500000,1.14060,1.14045,1120000,750000
2016-04-10 22:03:21.552000,1.14058,1.14045,750000,750000
2016-04-10 22:03:22.032000,1.14060,1.14044,3370000,1500000
2016-04-10 22:03:22.082000,1.14058,1.14045,750000,750000
2016-04-10 22:03:22.184000,1.14060,1.14045,2620000,300000
2016-04-10 22:03:22.236000,1.14058,1.14045,750000,300000
2016-04-10 22:03:22.492000,1.14060,1.14045,2620000,1500000
2016-04-10 22:03:22.543000,1.14058,1.14045,750000,1500000
2016-04-10 22:03:22.897000,1.14060,1.14045,3370000,2250000
2016-04-10 22:03:23.114000,1.14058,1.14043,750000,3940000
2016-04-10 22:03:23.418000,1.14060,1.14045,3370000,1500000
2016-04-10 22:03:23.722000,1.14058,1.14045,750000,1500000
2016-04-10 22:03:23.875000,1.14060,1.14045,3370000,1500000
2016-04-10 22:03:23.926000,1.14058,1.14045,750000,1500000
2016-04-10 22:03:24.179000,1.14060,1.14045,3370000,2250000
2016-04-10 22:03:24.230000,1.14058,1.14045,750000,2250000
2016-04-10 22:03:24.483000,1.14060,1.14045,3370000,1500000
2016-04-10 22:03:24.534000,1.14058,1.14045,750000,1500000
2016-04-10 22:03:24.896000,1.14060,1.14045,1120000,750000
2016-04-10 22:03:24.947000,1.14058,1.14045,750000,750000
2016-04-10 22:03:25.611000,1.14057,1.14045,750000,1500000
2016-04-10 22:03:25.814000,1.14059,1.14045,750000,1500000
2016-04-10 22:03:26.320000,1.14058,1.14045,1500000,1500000
2016-04-10 22:03:26.422000,1.14060,1.14045,3370000,2250000
2016-04-10 22:03:26.574000,1.14058,1.14045,750000,750000
2016-04-10 22:03:26.653000,1.14058,1.14043,750000,3000000
2016-04-10 22:03:26.704000,1.14058,1.14045,750000,820000
2016-04-10 22:03:26.959000,1.14060,1.14045,3370000,820000
2016-04-10 22:03:27.010000,1.14058,1.14045,750000,1120000
2016-04-10 22:03:27.112000,1.14060,1.14045,3370000,370000
2016-04-10 22:03:27.163000,1.14058,1.14045,750000,1120000
2016-04-10 22:03:27.416000,1.14060,1.14045,3000000,2250000
2016-04-10 22:03:27.467000,1.14058,1.14045,750000,750000
2016-04-10 22:03:27.569000,1.14058,1.14043,750000,3190000
2016-04-10 22:03:27.620000,1.14058,1.14045,1500000,750000
2016-04-10 22:03:27.721000,1.14060,1.14045,2250000,2250000
2016-04-10 22:03:27.772000,1.14058,1.14045,750000,1500000
2016-04-10 22:03:28.076000,1.14060,1.14045,3370000,750000
2016-04-10 22:03:28.127000,1.14058,1.14045,750000,750000
2016-04-10 22:03:28.397000,1.14060,1.14045,3370000,1500000
2016-04-10 22:03:28.448000,1.14058,1.14045,750000,1500000
2016-04-10 22:03:28.650000,1.14060,1.14045,1120000,750000
2016-04-10 22:03:28.702000,1.14058,1.14045,750000,1500000
2016-04-10 22:03:28.955000,1.14060,1.14044,3370000,750000
2016-04-10 22:03:29.056000,1.14058,1.14045,750000,1500000
2016-04-10 22:03:29.157000,1.14059,1.14043,750000,2440000
2016-04-10 22:03:29.208000,1.14057,1.14044,750000,1500000
2016-04-10 22:03:29.310000,1.14059,1.14045,750000,370000
2016-04-10 22:03:29.411000,1.14058,1.14043,750000,3940000
2016-04-10 22:03:29.462000,1.14058,1.14045,750000,750000
2016-04-10 22:03:29.628000,1.14060,1.14045,1120000,750000
2016-04-10 22:03:29.679000,1.14058,1.14045,750000,750000
2016-04-10 22:03:29.999000,1.14060,1.14045,2620000,1500000
2016-04-10 22:03:30.050000,1.14058,1.14045,750000,1500000
2016-04-10 22:03:30.321000,1.14060,1.14045,3370000,1500000
2016-04-10 22:03:30.372000,1.14058,1.14045,750000,1500000
2016-04-10 22:03:30.726000,1.14060,1.14045,750000,750000
2016-04-10 22:03:30.878000,1.14058,1.14045,750000,1500000
2016-04-10 22:03:31.081000,1.14060,1.14045,3370000,750000
2016-04-10 22:03:31.183000,1.14057,1.14045,750000,750000
2016-04-10 22:03:31.234000,1.14060,1.14045,3370000,750000
2016-04-10 22:03:31.285000,1.14058,1.14045,750000,1500000
2016-04-10 22:03:31.387000,1.14060,1.14045,3370000,750000
2016-04-10 22:03:31.438000,1.14058,1.14045,750000,750000
2016-04-10 22:03:31.897000,1.14060,1.14045,3370000,1500000
2016-04-10 22:03:31.948000,1.14058,1.14045,750000,1500000
2016-04-10 22:03:32.453000,1.14060,1.14045,3370000,1500000
2016-04-10 22:03:32.555000,1.14058,1.14045,750000,750000
2016-04-10 22:03:32.606000,1.14058,1.14043,750000,2440000
2016-04-10 22:03:32.658000,1.14060,1.14044,3370000,100000
2016-04-10 22:03:32.723000,1.14058,1.14044,750000,820000
2016-04-10 22:03:33.280000,1.14058,1.14043,750000,1690000
2016-04-10 22:03:33.685000,1.14060,1.14045,3370000,1350000
2016-04-10 22:03:33.989000,1.14058,1.14045,750000,1120000
2016-04-10 22:03:34.090000,1.14058,1.14043,750000,2440000
2016-04-10 22:03:34.293000,1.14060,1.14045,3370000,1500000
2016-04-10 22:03:34.597000,1.14058,1.14043,750000,2440000
2016-04-10 22:03:34.951000,1.14060,1.14043,3370000,2440000
2016-04-10 22:03:35.002000,1.14058,1.14045,750000,750000
2016-04-10 22:03:35.104000,1.14060,1.14045,3370000,750000
2016-04-10 22:03:35.155000,1.14058,1.14045,750000,750000
2016-04-10 22:03:35.614000,1.14058,1.14043,750000,2440000
2016-04-10 22:03:35.665000,1.14060,1.14044,2620000,750000
2016-04-10 22:03:35.716000,1.14058,1.14045,750000,1500000
2016-04-10 22:03:35.818000,1.14060,1.14045,2620000,1500000
2016-04-10 22:03:35.869000,1.14058,1.14045,750000,1500000
2016-04-10 22:03:36.021000,1.14058,1.14043,750000,3190000
2016-04-10 22:03:36.223000,1.14058,1.14045,750000,1120000
2016-04-10 22:03:36.679000,1.14060,1.14045,4120000,2250000
2016-04-10 22:03:36.730000,1.14058,1.14045,750000,1570000
2016-04-10 22:03:36.983000,1.14060,1.14045,3370000,1500000
2016-04-10 22:03:37.085000,1.14058,1.14045,750000,1500000
2016-04-10 22:03:37.442000,1.14058,1.14043,750000,940000
2016-04-10 22:03:37.594000,1.14059,1.14045,750000,750000
2016-04-10 22:03:38.101000,1.14058,1.14045,750000,1500000
2016-04-10 22:03:38.152000,1.14060,1.14045,3370000,1500000
2016-04-10 22:03:38.203000,1.14058,1.14045,750000,1500000
2016-04-10 22:03:38.457000,1.14060,1.14045,3000000,1500000
2016-04-10 22:03:38.508000,1.14058,1.14045,750000,1500000
2016-04-10 22:03:38.609000,1.14060,1.14045,3000000,1500000
2016-04-10 22:03:38.761000,1.14058,1.14045,750000,750000
2016-04-10 22:03:39.116000,1.14059,1.14056,750000,750000
2016-04-10 22:03:39.623000,1.14058,1.14054,750000,750000
2016-04-10 22:03:39.929000,1.14060,1.14053,2620000,750000
2016-04-10 22:03:40.435000,1.14059,1.14053,750000,750000
2016-04-10 22:03:40.789000,1.14060,1.14048,2620000,750000
2016-04-10 22:03:41.415000,1.14059,1.14048,750000,750000
2016-04-10 22:03:41.873000,1.14060,1.14046,2620000,750000
2016-04-10 22:03:41.924000,1.14059,1.14048,750000,750000
2016-04-10 22:03:42.228000,1.14060,1.14046,2620000,1500000
2016-04-10 22:03:42.582000,1.14060,1.14044,2620000,1690000
2016-04-10 22:03:42.684000,1.14060,1.14048,2620000,750000
2016-04-10 22:03:42.775000,1.14059,1.14046,750000,750000
2016-04-10 22:03:43.281000,1.14060,1.14046,2250000,750000
2016-04-10 22:03:43.787000,1.14060,1.14047,3370000,750000
2016-04-10 22:03:44.395000,1.14060,1.14045,2620000,1500000
2016-04-10 22:03:44.597000,1.14053,1.14048,100000,750000
2016-04-10 22:03:44.814000,1.14050,1.14043,1120000,750000
2016-04-10 22:03:45.220000,1.14050,1.14045,1120000,100000
2016-04-10 22:03:45.423000,1.14050,1.14043,1120000,820000
2016-04-10 22:03:46.235000,1.14051,1.14043,1120000,750000
2016-04-10 22:03:46.641000,1.14050,1.14046,1120000,670000
2016-04-10 22:03:46.743000,1.14050,1.14042,1120000,1870000
2016-04-10 22:03:46.947000,1.14050,1.14044,1120000,750000
2016-04-10 22:03:47.099000,1.14050,1.14042,1120000,750000
2016-04-10 22:03:47.200000,1.14050,1.14045,1120000,600000
2016-04-10 22:03:47.403000,1.14050,1.14042,1120000,1120000
2016-04-10 22:03:47.555000,1.14050,1.14045,1120000,100000
2016-04-10 22:03:47.774000,1.14050,1.14042,1120000,1870000
2016-04-10 22:03:47.825000,1.14050,1.14045,1120000,100000
2016-04-10 22:03:48.029000,1.14050,1.14042,1120000,1870000
2016-04-10 22:03:48.232000,1.14050,1.14044,1120000,1120000
2016-04-10 22:03:48.435000,1.14051,1.14042,1120000,750000
2016-04-10 22:03:48.941000,1.14050,1.14043,1120000,750000
2016-04-10 22:03:49.475000,1.14051,1.14043,1120000,750000
2016-04-10 22:03:50.133000,1.14045,1.14043,1120000,970000
2016-04-10 22:03:50.234000,1.14045,1.14040,1120000,750000
2016-04-10 22:03:50.387000,1.14046,1.14042,1120000,100000
2016-04-10 22:03:50.488000,1.14045,1.14040,1120000,750000
2016-04-10 22:03:50.926000,1.14045,1.14042,1120000,100000
2016-04-10 22:03:50.977000,1.14045,1.14040,1120000,1120000
2016-04-10 22:03:51.195000,1.14046,1.14042,1120000,100000
2016-04-10 22:03:51.702000,1.14045,1.14040,1120000,1120000
2016-04-10 22:03:51.804000,1.14045,1.14042,1120000,100000
2016-04-10 22:03:51.960000,1.14045,1.14040,1120000,750000
2016-04-10 22:03:52.113000,1.14045,1.14042,1120000,600000
2016-04-10 22:03:52.316000,1.14045,1.14040,1120000,1120000
2016-04-10 22:03:52.417000,1.14045,1.14042,1120000,600000
2016-04-10 22:03:52.692000,1.14046,1.14040,1120000,1120000
2016-04-10 22:03:52.794000,1.14046,1.14042,1120000,100000
2016-04-10 22:03:52.946000,1.14046,1.14040,1120000,1200000
2016-04-10 22:03:53.098000,1.14045,1.14042,1120000,100000
2016-04-10 22:03:53.301000,1.14045,1.14040,1120000,750000
2016-04-10 22:03:53.454000,1.14045,1.14042,1120000,600000
2016-04-10 22:03:53.707000,1.14045,1.14040,1120000,1120000
2016-04-10 22:03:53.859000,1.14045,1.14042,1120000,600000
2016-04-10 22:03:53.961000,1.14045,1.14040,1120000,1120000
2016-04-10 22:03:54.215000,1.14045,1.14042,1120000,600000
2016-04-10 22:03:54.316000,1.14045,1.14040,1120000,1120000
2016-04-10 22:03:54.418000,1.14045,1.14042,1120000,450000
2016-04-10 22:03:54.723000,1.14050,1.14041,450000,750000
2016-04-10 22:03:54.825000,1.14050,1.14043,450000,750000
2016-04-10 22:03:55.027000,1.14050,1.14040,450000,1870000
2016-04-10 22:03:55.129000,1.14050,1.14043,450000,820000
2016-04-10 22:03:55.230000,1.14050,1.14040,450000,2700000
2016-04-10 22:03:55.436000,1.14050,1.14044,450000,820000
2016-04-10 22:03:55.664000,1.14053,1.14045,100000,100000
2016-04-10 22:03:55.715000,1.14050,1.14042,450000,750000
2016-04-10 22:03:56.222000,1.14050,1.14043,450000,820000
2016-04-10 22:03:56.722000,1.14050,1.14041,450000,1570000
2016-04-10 22:03:56.925000,1.14050,1.14043,450000,820000
2016-04-10 22:03:57.554000,1.14050,1.14042,450000,750000
2016-04-10 22:03:58.060000,1.14050,1.14043,450000,820000
2016-04-10 22:03:58.263000,1.14050,1.14041,450000,1500000
2016-04-10 22:03:58.466000,1.14050,1.14043,450000,750000
2016-04-10 22:03:58.619000,1.14050,1.14041,450000,750000
2016-04-10 22:03:58.721000,1.14050,1.14043,450000,750000
2016-04-10 22:03:59.228000,1.14050,1.14042,450000,750000
2016-04-10 22:03:59.734000,1.14050,1.14041,450000,1570000
2016-04-10 22:04:00.038000,1.14051,1.14043,450000,750000
2016-04-10 22:04:00.547000,1.14050,1.14043,450000,750000
2016-04-10 22:04:02.854000,1.14052,1.14043,1450000,1570000
2016-04-10 22:04:03.360000,1.14053,1.14043,1550000,1500000
2016-04-10 22:04:03.665000,1.14054,1.14052,1520000,1000000
2016-04-10 22:04:03.766000,1.14055,1.14051,1200000,1000000
2016-04-10 22:04:03.818000,1.14055,1.14054,1120000,1000000
2016-04-10 22:04:04.352000,1.14055,1.14054,1120000,1000000
2016-04-10 22:04:06.077000,1.14056,1.14055,1120000,1000000
2016-04-10 22:04:06.595000,1.14055,1.14054,1120000,1000000
2016-04-10 22:04:07.001000,1.14055,1.14053,1120000,1000000
2016-04-10 22:04:07.761000,1.14060,1.14053,1200000,1000000
2016-04-10 22:04:08.282000,1.14062,1.14054,1520000,1000000
2016-04-10 22:04:08.434000,1.14064,1.14052,1520000,1000000
2016-04-10 22:04:08.818000,1.14062,1.14054,1520000,1000000
2016-04-10 22:04:09.332000,1.14063,1.14053,1520000,1000000
2016-04-10 22:04:10.471000,1.14063,1.14050,1520000,1570000
2016-04-10 22:04:10.634000,1.14063,1.14053,1520000,1000000
2016-04-10 22:04:10.989000,1.14063,1.14051,1520000,1100000
2016-04-10 22:04:11.445000,1.14065,1.14052,2020000,1070000
2016-04-10 22:04:11.496000,1.14066,1.14052,3900000,1200000
2016-04-10 22:04:11.880000,1.14067,1.14054,1520000,1000000
2016-04-10 22:04:11.931000,1.14067,1.14056,1520000,1000000
2016-04-10 22:04:12.285000,1.14067,1.14056,1520000,1070000
2016-04-10 22:04:12.791000,1.14066,1.14054,1520000,2360000
2016-04-10 22:04:12.842000,1.14068,1.14056,3150000,1000000
2016-04-10 22:04:14.593000,1.14066,1.14056,1520000,1070000
2016-04-10 22:04:15.072000,1.14066,1.14055,1520000,2060000
2016-04-10 22:04:15.611000,1.14064,1.14055,1520000,2810000
2016-04-10 22:04:16.706000,1.14064,1.14055,1550000,2810000
2016-04-10 22:04:17.324000,1.14066,1.14055,1520000,2810000
2016-04-10 22:04:18.101000,1.14067,1.14055,1520000,2810000
2016-04-10 22:04:20.555000,1.14067,1.14056,1520000,2060000
2016-04-10 22:04:21.362000,1.14068,1.14056,1520000,1070000
2016-04-10 22:04:21.970000,1.14067,1.14056,1520000,1070000
2016-04-10 22:04:22.476000,1.14068,1.14056,1520000,1100000
2016-04-10 22:04:23.001000,1.14067,1.14055,1520000,1070000
2016-04-10 22:04:23.513000,1.14068,1.14055,1520000,1070000
2016-04-10 22:04:24.019000,1.14066,1.14055,1520000,1070000
2016-04-10 22:04:25.386000,1.14066,1.14055,1520000,1070000
2016-04-10 22:04:25.892000,1.14068,1.14055,1520000,1070000
2016-04-10 22:04:32.132000,1.14068,1.14055,1520000,2060000
2016-04-10 22:04:32.693000,1.14069,1.14055,2770000,2060000
2016-04-10 22:04:34.027000,1.14067,1.14055,1520000,1310000
2016-04-10 22:04:36.030000,1.14067,1.14055,1520000,1310000
2016-04-10 22:04:36.638000,1.14067,1.14055,1520000,1760000
2016-04-10 22:04:40.485000,1.14067,1.14055,1520000,1760000
2016-04-10 22:04:41.094000,1.14067,1.14055,1520000,1760000
2016-04-10 22:04:42.007000,1.14067,1.14055,1520000,1760000
2016-04-10 22:04:42.699000,1.14067,1.14055,1520000,1390000
2016-04-10 22:04:45.816000,1.14067,1.14055,1520000,1760000
2016-04-10 22:04:49.553000,1.14066,1.14055,1520000,1390000
2016-04-10 22:04:50.138000,1.14066,1.14055,1520000,1390000
2016-04-10 22:04:55.205000,1.14066,1.14055,1520000,1760000
2016-04-10 22:04:56.485000,1.14066,1.14055,1450000,1760000
2016-04-10 22:04:56.536000,1.14065,1.14055,1120000,1170000
2016-04-10 22:04:57.028000,1.14069,1.14056,2320000,1000000
2016-04-10 22:04:57.181000,1.14069,1.14054,2320000,2440000
2016-04-10 22:04:57.465000,1.14069,1.14056,1520000,1000000
2016-04-10 22:04:57.669000,1.14069,1.14054,1520000,1100000
2016-04-10 22:04:57.896000,1.14069,1.14056,1520000,1000000
2016-04-10 22:04:58.403000,1.14070,1.14055,1650000,1000000
2016-04-10 22:04:58.909000,1.14070,1.14056,3150000,1000000
2016-04-10 22:04:59.314000,1.14070,1.14054,2400000,2510000
2016-04-10 22:04:59.365000,1.14069,1.14056,1550000,1000000
2016-04-10 22:04:59.994000,1.14071,1.14056,1900000,1100000
2016-04-10 22:05:00.500000,1.14071,1.14056,1900000,2440000
2016-04-10 22:05:01.367000,1.14069,1.14053,2020000,1070000
2016-04-10 22:05:01.418000,1.14069,1.14053,2020000,1000000
2016-04-10 22:05:01.571000,1.14070,1.14055,3150000,1000000
2016-04-10 22:05:01.672000,1.14069,1.14053,1520000,1100000
2016-04-10 22:05:01.878000,1.14069,1.14055,1520000,1000000
2016-04-10 22:05:02.284000,1.14070,1.14057,3150000,1000000
2016-04-10 22:05:02.386000,1.14070,1.14055,3150000,2440000
2016-04-10 22:05:02.925000,1.14070,1.14056,2400000,1000000
2016-04-10 22:05:03.179000,1.14069,1.14054,1520000,1000000
2016-04-10 22:05:03.686000,1.14070,1.14054,1650000,1000000
2016-04-10 22:05:04.192000,1.14070,1.14054,2400000,1000000
2016-04-10 22:05:04.721000,1.14070,1.14055,1650000,1760000
2016-04-10 22:05:05.480000,1.14069,1.14054,1520000,1000000
2016-04-10 22:05:05.992000,1.14070,1.14054,2400000,1070000
2016-04-10 22:05:06.499000,1.14070,1.14056,1650000,1690000
2016-04-10 22:05:06.804000,1.14069,1.14054,1550000,1000000
2016-04-10 22:05:07.314000,1.14070,1.14055,1650000,2510000
2016-04-10 22:05:07.820000,1.14067,1.14054,1450000,1100000
2016-04-10 22:05:08.224000,1.14067,1.14060,1450000,1000000
2016-04-10 22:05:08.377000,1.14070,1.14055,1650000,1000000
2016-04-10 22:05:08.883000,1.14069,1.14053,1520000,1690000
2016-04-10 22:05:09.392000,1.14070,1.14051,2400000,1570000
2016-04-10 22:05:09.493000,1.14068,1.14052,1550000,1570000
2016-04-10 22:05:09.696000,1.14070,1.14052,1650000,1100000
2016-04-10 22:05:09.899000,1.14068,1.14054,1550000,1760000
2016-04-10 22:05:10.406000,1.14068,1.14052,1450000,1070000
2016-04-10 22:05:10.913000,1.14068,1.14053,1550000,2700000
2016-04-10 22:05:11.318000,1.14067,1.14053,1450000,1070000
2016-04-10 22:05:11.572000,1.14071,1.14053,2400000,1950000
2016-04-10 22:05:11.724000,1.14070,1.14053,1650000,1950000
2016-04-10 22:05:11.927000,1.14071,1.14053,1900000,1100000
2016-04-10 22:05:11.979000,1.14070,1.14055,1650000,1000000
2016-04-10 22:05:12.232000,1.14071,1.14053,3150000,1100000
2016-04-10 22:05:12.283000,1.14068,1.14055,1550000,1000000
2016-04-10 22:05:12.568000,1.14071,1.14053,1900000,2320000
2016-04-10 22:05:12.670000,1.14068,1.14055,1550000,1070000
2016-04-10 22:05:12.873000,1.14072,1.14053,2400000,2320000
2016-04-10 22:05:12.976000,1.14068,1.14057,1550000,1720000
2016-04-10 22:05:13.077000,1.14072,1.14054,1900000,1100000
2016-04-10 22:05:13.584000,1.14071,1.14056,1900000,1800000
2016-04-10 22:05:13.685000,1.14071,1.14054,2400000,1000000
2016-04-10 22:05:13.888000,1.14068,1.14056,1550000,1800000
2016-04-10 22:05:14.091000,1.14068,1.14054,1550000,1000000
2016-04-10 22:05:14.227000,1.14068,1.14056,1550000,1800000
2016-04-10 22:05:14.379000,1.14071,1.14053,2400000,1100000
2016-04-10 22:05:14.481000,1.14071,1.14056,2400000,1720000
2016-04-10 22:05:14.685000,1.14071,1.14053,2400000,1100000
2016-04-10 22:05:14.898000,1.14071,1.14056,1900000,1720000
2016-04-10 22:05:15,1.14071,1.14054,2400000,1000000
2016-04-10 22:05:15.203000,1.14069,1.14056,1520000,1800000
2016-04-10 22:05:15.406000,1.14071,1.14054,2400000,1000000
2016-04-10 22:05:15.913000,1.14071,1.14054,2400000,1100000
2016-04-10 22:05:16.065000,1.14071,1.14054,2400000,1070000
2016-04-10 22:05:16.218000,1.14068,1.14054,1550000,1000000
2016-04-10 22:05:16.776000,1.14068,1.14054,1550000,1570000
2016-04-10 22:05:16.928000,1.14071,1.14054,2400000,1000000
2016-04-10 22:05:17.435000,1.14071,1.14054,2400000,1800000
2016-04-10 22:05:17.841000,1.14071,1.14053,2400000,1100000
2016-04-10 22:05:18.095000,1.14069,1.14054,1520000,1800000
2016-04-10 22:05:18.298000,1.14071,1.14053,2400000,1870000
2016-04-10 22:05:18.399000,1.14069,1.14055,1520000,1570000
2016-04-10 22:05:18.603000,1.14069,1.14053,1520000,2700000
