time,ask,bid,ask_volume,bid_volume
2016-05-08 21:00:32.705000,1.13986,1.13936,1500000,1500000
2016-05-08 21:00:35.087000,1.13980,1.13944,750000,750000
2016-05-08 21:00:39.913000,1.13980,1.13942,750000,750000
2016-05-08 21:00:40.411000,1.13978,1.13942,750000,750000
2016-05-08 21:00:53.629000,1.13981,1.13945,750000,750000
2016-05-08 21:00:53.956000,1.13984,1.13948,750000,750000
2016-05-08 21:01:05.504000,1.13986,1.13952,1500000,750000
2016-05-08 21:01:08.929000,1.13987,1.13952,750000,750000
2016-05-08 21:01:23.320000,1.13987,1.13953,750000,750000
2016-05-08 21:01:49.001000,1.13988,1.13953,1500000,750000
2016-05-08 21:02:06.878000,1.13988,1.13954,1500000,750000
2016-05-08 21:02:08.976000,1.13987,1.13954,750000,750000
2016-05-08 21:02:29.463000,1.13983,1.13959,750000,750000
2016-05-08 21:02:30.065000,1.13987,1.13964,1500000,750000
2016-05-08 21:02:48.937000,1.13988,1.13964,2250000,750000
2016-05-08 21:03:12.758000,1.13987,1.13969,750000,750000
2016-05-08 21:03:13.197000,1.13982,1.13972,1500000,750000
2016-05-08 21:04:06.969000,1.13982,1.13972,2440000,750000
2016-05-08 21:04:14.648000,1.13982,1.13972,1500000,750000
2016-05-08 21:04:14.750000,1.13982,1.13975,1500000,750000
2016-05-08 21:04:14.801000,1.13993,1.13975,1190000,750000
2016-05-08 21:04:15.310000,1.13992,1.13977,1690000,750000
2016-05-08 21:04:20.494000,1.13982,1.13976,1190000,750000
2016-05-08 21:04:20.545000,1.13982,1.13971,1190000,750000
2016-05-08 21:04:22.570000,1.13982,1.13971,1500000,1000000
2016-05-08 21:04:27.260000,1.13982,1.13972,1500000,1000000
2016-05-08 21:05:08.926000,1.13982,1.13972,3750000,1000000
2016-05-08 21:05:09.027000,1.13968,1.13958,1000000,1500000
2016-05-08 21:05:09.178000,1.13962,1.13954,1500000,1000000
2016-05-08 21:05:23.830000,1.13966,1.13961,1500000,1000000
2016-05-08 21:05:24.033000,1.13982,1.13961,1500000,1000000
2016-05-08 21:05:34.408000,1.13982,1.13962,1500000,1190000
2016-05-08 21:05:34.810000,1.13982,1.13968,1500000,1000000
2016-05-08 21:07:06.712000,1.13982,1.13967,1500000,1000000
2016-05-08 21:07:51.612000,1.13982,1.13972,1500000,1000000
2016-05-08 21:09:28.506000,1.13983,1.13972,1500000,1000000
2016-05-08 21:09:29.095000,1.13982,1.13972,1500000,1000000
2016-05-08 21:09:42.222000,1.13982,1.13975,1500000,1000000
2016-05-08 21:09:51.072000,1.13982,1.13972,1500000,1000000
2016-05-08 21:10:10.179000,1.13983,1.13972,1500000,1000000
2016-05-08 21:10:11.482000,1.13982,1.13972,1500000,1000000
2016-05-08 21:10:31.143000,1.13983,1.13976,1500000,1000000
2016-05-08 21:10:31.294000,1.13995,1.13976,1000000,1000000
2016-05-08 21:10:35.614000,1.13997,1.13976,1500000,1000000
2016-05-08 21:10:47.771000,1.13997,1.13966,1500000,1000000
2016-05-08 21:10:53.014000,1.13995,1.13966,1000000,1000000
2016-05-08 21:10:58.953000,1.13998,1.13966,3000000,1000000
2016-05-08 21:11:05.756000,1.13999,1.13966,1000000,1000000
2016-05-08 21:11:08.526000,1.13998,1.13966,3000000,1000000
2016-05-08 21:11:15.757000,1.13999,1.13966,1000000,1000000
2016-05-08 21:11:16.456000,1.13996,1.13966,1000000,1000000
2016-05-08 21:11:27.758000,1.13996,1.13967,1000000,1000000
2016-05-08 21:11:37.451000,1.13996,1.13966,1000000,1000000
2016-05-08 21:11:44.774000,1.13995,1.13968,1000000,1000000
2016-05-08 21:11:49.811000,1.13995,1.13966,1000000,1000000
2016-05-08 21:11:55.469000,1.13995,1.13965,1000000,2440000
2016-05-08 21:12:03.540000,1.13988,1.13967,1000000,1000000
2016-05-08 21:12:04.137000,1.13988,1.13968,1000000,1000000
2016-05-08 21:12:06.075000,1.13988,1.13965,1000000,1250000
2016-05-08 21:12:09.347000,1.13988,1.13965,1070000,1250000
2016-05-08 21:12:36.713000,1.13987,1.13966,1070000,1000000
2016-05-08 21:12:38.890000,1.13987,1.13967,1070000,1000000
2016-05-08 21:12:39.338000,1.13987,1.13967,1370000,1000000
2016-05-08 21:12:45.053000,1.13985,1.13965,1070000,1690000
2016-05-08 21:12:47.888000,1.13987,1.13966,1370000,1000000
2016-05-08 21:12:49.223000,1.13984,1.13965,1070000,1690000
2016-05-08 21:12:55.859000,1.13986,1.13966,3370000,1000000
2016-05-08 21:12:56.363000,1.13984,1.13965,1070000,1690000
2016-05-08 21:12:57.111000,1.13984,1.13965,1000000,1760000
2016-05-08 21:12:59.190000,1.13984,1.13965,1070000,1690000
2016-05-08 21:13:06.649000,1.13983,1.13965,1070000,1250000
2016-05-08 21:13:10.561000,1.13986,1.13966,3370000,1000000
2016-05-08 21:13:11.111000,1.13988,1.13966,1370000,1000000
2016-05-08 21:13:11.800000,1.13987,1.13965,1370000,1690000
2016-05-08 21:13:14.945000,1.13988,1.13965,1120000,1000000
2016-05-08 21:13:19.592000,1.13988,1.13967,3370000,1000000
2016-05-08 21:13:23.801000,1.13985,1.13965,1100000,1500000
2016-05-08 21:13:23.852000,1.13988,1.13967,3370000,1000000
2016-05-08 21:13:28.571000,1.13986,1.13965,1070000,1000000
2016-05-08 21:13:29.232000,1.13988,1.13967,1120000,1000000
2016-05-08 21:13:29.840000,1.13985,1.13966,1100000,1000000
2016-05-08 21:13:32.870000,1.13987,1.13967,3070000,1000000
2016-05-08 21:13:37.539000,1.13987,1.13966,1070000,1000000
2016-05-08 21:13:38.080000,1.13991,1.13965,1370000,1500000
2016-05-08 21:13:38.426000,1.13986,1.13967,1000000,1000000
2016-05-08 21:13:41.808000,1.13986,1.13965,1000000,1000000
2016-05-08 21:13:41.859000,1.13988,1.13965,3000000,1000000
2016-05-08 21:13:41.960000,1.13992,1.13965,1000000,1500000
2016-05-08 21:13:42.763000,1.13993,1.13965,3000000,1000000
2016-05-08 21:13:42.864000,1.13988,1.13965,3000000,1000000
2016-05-08 21:13:46.679000,1.13995,1.13965,1000000,1000000
2016-05-08 21:13:46.780000,1.13993,1.13965,3000000,1000000
2016-05-08 21:13:47.385000,1.13988,1.13965,3000000,1000000
2016-05-08 21:13:50.255000,1.13986,1.13952,1000000,1000000
2016-05-08 21:13:50.474000,1.13986,1.13947,1500000,1000000
2016-05-08 21:13:56.759000,1.13986,1.13951,1500000,1000000
2016-05-08 21:13:59.811000,1.13986,1.13957,1500000,1000000
2016-05-08 21:13:59.963000,1.13991,1.13960,1500000,1250000
2016-05-08 21:14:03.315000,1.13991,1.13963,1500000,1000000
2016-05-08 21:14:03.733000,1.13996,1.13970,3750000,1250000
2016-05-08 21:14:07.867000,1.13995,1.13970,3000000,1250000
2016-05-08 21:14:11.920000,1.13996,1.13970,1500000,1250000
2016-05-08 21:14:13.241000,1.13995,1.13970,3750000,1250000
2016-05-08 21:14:40.867000,1.13995,1.13970,3750000,1250000
2016-05-08 21:14:47.020000,1.13995,1.13970,3370000,1250000
2016-05-08 21:15:00.805000,1.13995,1.13970,6750000,1250000
2016-05-08 21:15:01.205000,1.13995,1.13970,3370000,1250000
2016-05-08 21:15:02.103000,1.13995,1.13970,3370000,1320000
2016-05-08 21:15:06.234000,1.13997,1.13986,1870000,750000
2016-05-08 21:15:06.336000,1.13997,1.13992,1500000,1000000
2016-05-08 21:15:06.894000,1.13997,1.13991,1500000,1000000
2016-05-08 21:15:07.464000,1.13997,1.13991,1570000,1000000
2016-05-08 21:15:11.563000,1.13996,1.13969,1370000,1000000
2016-05-08 21:15:11.624000,1.13996,1.13964,1370000,1070000
2016-05-08 21:15:11.675000,1.13996,1.13960,1500000,2590000
2016-05-08 21:15:14.615000,1.13993,1.13960,1500000,1690000
2016-05-08 21:15:15.035000,1.13993,1.13957,2250000,1000000
2016-05-08 21:15:19.674000,1.13993,1.13956,3750000,1000000
2016-05-08 21:15:35.041000,1.13993,1.13955,3000000,1000000
2016-05-08 21:15:40.209000,1.13993,1.13956,2250000,1000000
2016-05-08 21:15:50.811000,1.13994,1.13955,3750000,1000000
2016-05-08 21:16:02.433000,1.13994,1.13953,3750000,1070000
2016-05-08 21:16:14.894000,1.13994,1.13953,3750000,1100000
2016-05-08 21:16:26.376000,1.13994,1.13953,3000000,1070000
2016-05-08 21:16:30.605000,1.13985,1.13953,1260000,1070000
2016-05-08 21:17:00.434000,1.13985,1.13954,1560000,1100000
2016-05-08 21:17:02.198000,1.13983,1.13950,1940000,1870000
2016-05-08 21:17:20.125000,1.13983,1.13950,1690000,1370000
2016-05-08 21:17:22.549000,1.13983,1.13950,1940000,1370000
2016-05-08 21:17:26.504000,1.13983,1.13950,1690000,1370000
2016-05-08 21:17:34.252000,1.13987,1.13950,2440000,1000000
2016-05-08 21:17:41.358000,1.13986,1.13950,3750000,1000000
2016-05-08 21:17:43.923000,1.13984,1.13950,3750000,1000000
2016-05-08 21:17:45.610000,1.13984,1.13948,3750000,1570000
2016-05-08 21:18:10.216000,1.13984,1.13948,3940000,1000000
2016-05-08 21:18:14.131000,1.13984,1.13947,3940000,1100000
2016-05-08 21:18:14.742000,1.13985,1.13947,3940000,1070000
2016-05-08 21:18:32.834000,1.13984,1.13947,3940000,1100000
2016-05-08 21:18:42.647000,1.13984,1.13948,3940000,1000000
2016-05-08 21:19:22.516000,1.13984,1.13947,3940000,1100000
2016-05-08 21:19:54.761000,1.13983,1.13946,3750000,1000000
2016-05-08 21:20:17.765000,1.13983,1.13955,3940000,1000000
2016-05-08 21:20:17.816000,1.13986,1.13955,1940000,1000000
2016-05-08 21:20:18.069000,1.13986,1.13954,3940000,1000000
2016-05-08 21:20:28.637000,1.13986,1.13954,3940000,1000000
2016-05-08 21:20:38.567000,1.13977,1.13955,1310000,1000000
2016-05-08 21:20:38.899000,1.13974,1.13960,1560000,1000000
2016-05-08 21:20:46.192000,1.13974,1.13960,1260000,1000000
2016-05-08 21:20:47.431000,1.13974,1.13961,1260000,1000000
2016-05-08 21:21:11.870000,1.13974,1.13961,1560000,1000000
2016-05-08 21:21:17.038000,1.13974,1.13960,1560000,1000000
2016-05-08 21:21:53.288000,1.13974,1.13948,1560000,1500000
2016-05-08 21:21:53.341000,1.13974,1.13948,1940000,1500000
2016-05-08 21:21:53.493000,1.13974,1.13945,1940000,3000000
2016-05-08 21:22:05.063000,1.13971,1.13945,3940000,3000000
2016-05-08 21:22:05.841000,1.13968,1.13944,1940000,3000000
2016-05-08 21:22:19.756000,1.13963,1.13944,1560000,3000000
2016-05-08 21:22:20.069000,1.13959,1.13944,1690000,3000000
2016-05-08 21:22:27.722000,1.13959,1.13944,4690000,3000000
2016-05-08 21:22:40.279000,1.13961,1.13944,2440000,3000000
2016-05-08 21:22:40.813000,1.13961,1.13945,1690000,3000000
2016-05-08 21:24:08.322000,1.13962,1.13945,2060000,3750000
2016-05-08 21:24:08.932000,1.13962,1.13945,2810000,3750000
2016-05-08 21:24:18.662000,1.13962,1.13945,2060000,3750000
2016-05-08 21:24:36.012000,1.13962,1.13945,1760000,3750000
2016-05-08 21:24:40.680000,1.13962,1.13945,1500000,4500000
2016-05-08 21:24:40.731000,1.13971,1.13946,2060000,1000000
2016-05-08 21:24:46.280000,1.13971,1.13947,1560000,1000000
2016-05-08 21:24:46.381000,1.13971,1.13949,1560000,1000000
2016-05-08 21:24:46.435000,1.13976,1.13949,2440000,1000000
2016-05-08 21:24:47.464000,1.13976,1.13949,1560000,1070000
2016-05-08 21:24:48.713000,1.13978,1.13952,1690000,1000000
2016-05-08 21:24:54.308000,1.13980,1.13951,1940000,1000000
2016-05-08 21:25:49.627000,1.13979,1.13951,1560000,1100000
2016-05-08 21:25:54.604000,1.13980,1.13952,2810000,1000000
2016-05-08 21:26:08.099000,1.13980,1.13951,2060000,1100000
2016-05-08 21:26:57.274000,1.13980,1.13951,2060000,1100000
2016-05-08 21:26:57.376000,1.13982,1.13951,1070000,1000000
2016-05-08 21:26:57.483000,1.13982,1.13951,1100000,1000000
2016-05-08 21:26:59.702000,1.13986,1.13955,2060000,1000000
2016-05-08 21:27:10.502000,1.13988,1.13956,1560000,1000000
2016-05-08 21:27:10.854000,1.13988,1.13956,1940000,1000000
2016-05-08 21:27:15.610000,1.13986,1.13954,1560000,1000000
2016-05-08 21:27:21.725000,1.13986,1.13954,1260000,1000000
2016-05-08 21:27:22.143000,1.13990,1.13957,1070000,1000000
2016-05-08 21:27:27.168000,1.13992,1.13956,1560000,1000000
2016-05-08 21:27:29.148000,1.13987,1.13954,1000000,1000000
2016-05-08 21:27:29.199000,1.13991,1.13957,1560000,1000000
2016-05-08 21:27:29.759000,1.13991,1.13957,1260000,1000000
2016-05-08 21:27:31.504000,1.13987,1.13954,1000000,1000000
2016-05-08 21:27:31.555000,1.13991,1.13957,1260000,1000000
2016-05-08 21:27:32.106000,1.13991,1.13957,1560000,1000000
2016-05-08 21:27:32.729000,1.13991,1.13957,1260000,1000000
2016-05-08 21:27:33.486000,1.13991,1.13957,1560000,1000000
2016-05-08 21:27:34.049000,1.13991,1.13957,1260000,1000000
2016-05-08 21:27:35.433000,1.13991,1.13957,1560000,1000000
2016-05-08 21:27:37.459000,1.13992,1.13957,1560000,1000000
2016-05-08 21:27:38.010000,1.13992,1.13958,1260000,1000000
2016-05-08 21:27:42.612000,1.13991,1.13957,1260000,1000000
2016-05-08 21:27:43.292000,1.13991,1.13957,1260000,1000000
2016-05-08 21:27:49.006000,1.13992,1.13957,1690000,1000000
2016-05-08 21:27:50.194000,1.13992,1.13957,1560000,1000000
2016-05-08 21:27:50.972000,1.13992,1.13957,1560000,1000000
2016-05-08 21:27:52.753000,1.13992,1.13957,1560000,1000000
2016-05-08 21:27:53.473000,1.13992,1.13957,1690000,1000000
2016-05-08 21:27:54.007000,1.13991,1.13956,1560000,1000000
2016-05-08 21:27:54.683000,1.13991,1.13956,1560000,1000000
2016-05-08 21:28:04.041000,1.13991,1.13956,1560000,1000000
2016-05-08 21:28:05.683000,1.13991,1.13956,1560000,1000000
2016-05-08 21:28:06.459000,1.13991,1.13956,1560000,1000000
2016-05-08 21:28:08.675000,1.13991,1.13956,1260000,1000000
2016-05-08 21:28:08.984000,1.13991,1.13956,1560000,1000000
2016-05-08 21:28:11.078000,1.13992,1.13956,1560000,1000000
2016-05-08 21:28:11.739000,1.13992,1.13956,1560000,1000000
2016-05-08 21:28:13.625000,1.13992,1.13956,1310000,1000000
2016-05-08 21:28:14.314000,1.13992,1.13956,1560000,1000000
2016-05-08 21:28:14.831000,1.13992,1.13956,1560000,1000000
2016-05-08 21:28:15.296000,1.13992,1.13956,1560000,1000000
2016-05-08 21:28:18.710000,1.13992,1.13956,1560000,1000000
2016-05-08 21:28:20.093000,1.13992,1.13956,1690000,1000000
2016-05-08 21:28:20.863000,1.13992,1.13956,1560000,1000000
2016-05-08 21:28:21.641000,1.13992,1.13956,1690000,1000000
2016-05-08 21:28:23.211000,1.13992,1.13956,1560000,1000000
2016-05-08 21:28:23.630000,1.13992,1.13956,1560000,1000000
2016-05-08 21:28:32.100000,1.13992,1.13955,1620000,1000000
2016-05-08 21:28:37.079000,1.13992,1.13955,1940000,1000000
2016-05-08 21:28:38.023000,1.13992,1.13954,1940000,1000000
2016-05-08 21:28:38.261000,1.13992,1.13954,1690000,1000000
2016-05-08 21:28:42.894000,1.13992,1.13954,1560000,1000000
2016-05-08 21:28:43.695000,1.13993,1.13955,1560000,1000000
2016-05-08 21:29:05.474000,1.13971,1.13946,1190000,1370000
2016-05-08 21:29:05.577000,1.13972,1.13947,1500000,1000000
2016-05-08 21:29:05.628000,1.13978,1.13947,1000000,1500000
2016-05-08 21:29:05.679000,1.13981,1.13951,1190000,1100000
2016-05-08 21:29:11.228000,1.13987,1.13955,1560000,1000000
2016-05-08 21:29:11.532000,1.13996,1.13972,2060000,1250000
2016-05-08 21:29:11.858000,1.13996,1.13972,1690000,1320000
2016-05-08 21:29:12.527000,1.13996,1.13973,1690000,1070000
2016-05-08 21:29:13.299000,1.13992,1.13973,1000000,1070000
2016-05-08 21:29:13.844000,1.13990,1.13973,1000000,1070000
2016-05-08 21:29:14.402000,1.13990,1.13973,1000000,1070000
2016-05-08 21:29:15.166000,1.13990,1.13971,1000000,1310000
2016-05-08 21:29:18.104000,1.13990,1.13969,1000000,2060000
2016-05-08 21:29:19.898000,1.13990,1.13972,1000000,1290000
2016-05-08 21:29:20.311000,1.13990,1.13969,1000000,1560000
2016-05-08 21:29:20.523000,1.13990,1.13972,1000000,1260000
2016-05-08 21:29:20.675000,1.13990,1.13972,1000000,1310000
2016-05-08 21:29:21.073000,1.13990,1.13972,1000000,1260000
2016-05-08 21:29:21.313000,1.13990,1.13969,1000000,1560000
2016-05-08 21:29:21.895000,1.13990,1.13972,1000000,1260000
2016-05-08 21:29:22.525000,1.13990,1.13972,1000000,1310000
2016-05-08 21:29:22.879000,1.13990,1.13969,1000000,1560000
2016-05-08 21:29:23.067000,1.13990,1.13969,1000000,1560000
2016-05-08 21:29:23.759000,1.13990,1.13968,1000000,2060000
2016-05-08 21:29:25.479000,1.13990,1.13968,1000000,2060000
2016-05-08 21:29:26.023000,1.13990,1.13972,1000000,1260000
2016-05-08 21:29:26.622000,1.13990,1.13969,1000000,2060000
2016-05-08 21:29:27.476000,1.13990,1.13969,1000000,1560000
2016-05-08 21:29:35.511000,1.13990,1.13972,1000000,1260000
2016-05-08 21:29:36.041000,1.13993,1.13972,1190000,1310000
2016-05-08 21:29:36.197000,1.13995,1.13963,1260000,1760000
2016-05-08 21:29:36.404000,1.13994,1.13960,1940000,1190000
2016-05-08 21:29:40.113000,1.13994,1.13960,1940000,1190000
2016-05-08 21:29:40.543000,1.13994,1.13960,1560000,1190000
2016-05-08 21:29:42.303000,1.13994,1.13958,1940000,1290000
2016-05-08 21:29:42.639000,1.13994,1.13958,1690000,1290000
2016-05-08 21:29:43.859000,1.13994,1.13958,1940000,1290000
2016-05-08 21:29:45.053000,1.13994,1.13958,1940000,1100000
2016-05-08 21:29:45.944000,1.13994,1.13958,1690000,1000000
2016-05-08 21:29:47.160000,1.13980,1.13954,1190000,1120000
2016-05-08 21:29:47.414000,1.13979,1.13950,1010000,1370000
2016-05-08 21:29:47.473000,1.13979,1.13950,1310000,1370000
2016-05-08 21:29:50.333000,1.13980,1.13950,1260000,1370000
2016-05-08 21:29:50.885000,1.13980,1.13950,1320000,1370000
2016-05-08 21:29:51.549000,1.13980,1.13950,1250000,1370000
2016-05-08 21:29:52.294000,1.13980,1.13950,1250000,1370000
2016-05-08 21:29:52.796000,1.13980,1.13950,1250000,1370000
2016-05-08 21:30:00.385000,1.13989,1.13951,1940000,1370000
2016-05-08 21:30:00.903000,1.13988,1.13951,3940000,1120000
2016-05-08 21:30:01.338000,1.13988,1.13951,1940000,1000000
2016-05-08 21:30:32.149000,1.13987,1.13951,3940000,1000000
2016-05-08 21:30:33.373000,1.13987,1.13950,3940000,1100000
2016-05-08 21:30:36.674000,1.13984,1.13950,3750000,1000000
2016-05-08 21:30:38.704000,1.13984,1.13951,3750000,1000000
2016-05-08 21:30:43.242000,1.13983,1.13951,3940000,1000000
2016-05-08 21:30:45.395000,1.13983,1.13947,3940000,1070000
2016-05-08 21:30:46.660000,1.13983,1.13947,3940000,1120000
2016-05-08 21:32:11.250000,1.13985,1.13948,3940000,1100000
2016-05-08 21:32:36.896000,1.13986,1.13948,3940000,1070000
2016-05-08 21:32:39.620000,1.13985,1.13948,3940000,1000000
2016-05-08 21:32:55.845000,1.13985,1.13949,3940000,1000000
2016-05-08 21:33:02.429000,1.13985,1.13949,3940000,1070000
2016-05-08 21:33:57.983000,1.13974,1.13945,3750000,3070000
2016-05-08 21:33:58.287000,1.13972,1.13945,3750000,3000000
2016-05-08 21:34:03.309000,1.13977,1.13945,3940000,3370000
2016-05-08 21:34:07.463000,1.13979,1.13945,2440000,3370000
2016-05-08 21:34:07.684000,1.13979,1.13945,2440000,3370000
2016-05-08 21:34:08.451000,1.13976,1.13945,1560000,4120000
2016-05-08 21:34:27.365000,1.13976,1.13945,1940000,4120000
2016-05-08 21:34:27.723000,1.13976,1.13945,1940000,4120000
2016-05-08 21:34:31.220000,1.13976,1.13945,1940000,3820000
2016-05-08 21:34:52.123000,1.13979,1.13945,4690000,3370000
2016-05-08 21:34:52.479000,1.13977,1.13945,3940000,3370000
2016-05-08 21:35:25.564000,1.13979,1.13945,1940000,3070000
2016-05-08 21:35:44.720000,1.13972,1.13945,1560000,3000000
2016-05-08 21:35:44.821000,1.13972,1.13945,2810000,3000000
2016-05-08 21:35:49.923000,1.13979,1.13944,2440000,3750000
2016-05-08 21:35:49.974000,1.13979,1.13944,2440000,4120000
2016-05-08 21:35:51.714000,1.13979,1.13945,2440000,3070000
2016-05-08 21:35:57.104000,1.13979,1.13945,1940000,3070000
2016-05-08 21:35:57.560000,1.13979,1.13945,1940000,3070000
2016-05-08 21:36:17.228000,1.13963,1.13945,1000000,3070000
2016-05-08 21:36:17.481000,1.13961,1.13941,1100000,1000000
2016-05-08 21:36:17.582000,1.13976,1.13942,1940000,1100000
2016-05-08 21:36:18.327000,1.13973,1.13944,1940000,1000000
2016-05-08 21:36:18.492000,1.13976,1.13944,2000000,1100000
2016-05-08 21:36:21.133000,1.13951,1.13944,750000,1100000
2016-05-08 21:36:21.234000,1.13945,1.13929,1000000,1260000
2016-05-08 21:36:21.336000,1.13949,1.13942,1000000,1000000
2016-05-08 21:36:21.437000,1.13965,1.13944,1010000,1100000
2016-05-08 21:36:21.487000,1.13955,1.13944,940000,1100000
2016-05-08 21:36:21.589000,1.13945,1.13932,1250000,1500000
2016-05-08 21:36:21.640000,1.13945,1.13928,1250000,1320000
2016-05-08 21:36:21.690000,1.13946,1.13929,1000000,1260000
2016-05-08 21:36:21.746000,1.13956,1.13942,1000000,1000000
2016-05-08 21:36:21.797000,1.13947,1.13942,1190000,1000000
2016-05-08 21:36:21.898000,1.13944,1.13926,1000000,2060000
2016-05-08 21:36:21.999000,1.13944,1.13929,750000,1940000
2016-05-08 21:36:22.070000,1.13957,1.13937,1500000,1370000
2016-05-08 21:36:22.172000,1.13974,1.13938,1940000,1120000
2016-05-08 21:36:22.223000,1.13977,1.13944,1940000,1000000
2016-05-08 21:36:22.544000,1.13947,1.13943,1000000,2250000
2016-05-08 21:36:22.595000,1.13947,1.13929,1000000,1260000
2016-05-08 21:36:22.646000,1.13956,1.13938,1500000,1370000
2016-05-08 21:36:22.949000,1.13963,1.13937,2250000,1250000
2016-05-08 21:36:23,1.13963,1.13940,1570000,1320000
2016-05-08 21:36:23.252000,1.13977,1.13944,5440000,1000000
2016-05-08 21:36:23.303000,1.13977,1.13944,2440000,1000000
2016-05-08 21:36:23.949000,1.13979,1.13945,4690000,3750000
2016-05-08 21:36:30.080000,1.13979,1.13945,1940000,3820000
2016-05-08 21:36:47.089000,1.13979,1.13945,1940000,3820000
2016-05-08 21:37:25.405000,1.13979,1.13945,1940000,4120000
2016-05-08 21:37:43.883000,1.13979,1.13945,1940000,3820000
2016-05-08 21:38:03.888000,1.13978,1.13944,3940000,3070000
2016-05-08 21:38:06.064000,1.13979,1.13944,3940000,3370000
2016-05-08 21:38:21.795000,1.13976,1.13944,3940000,3000000
2016-05-08 21:38:22.341000,1.13976,1.13945,6190000,3000000
2016-05-08 21:38:27.107000,1.13976,1.13945,3190000,3070000
2016-05-08 21:38:30.515000,1.13976,1.13945,3190000,3070000
2016-05-08 21:38:31.510000,1.13976,1.13945,3190000,3070000
2016-05-08 21:38:32.835000,1.13976,1.13945,3190000,3070000
2016-05-08 21:38:38.294000,1.13976,1.13945,2810000,3070000
2016-05-08 21:38:45.224000,1.13976,1.13945,2810000,3070000
2016-05-08 21:38:49.553000,1.13972,1.13945,1560000,3070000
2016-05-08 21:39:11.404000,1.13976,1.13945,5060000,3370000
2016-05-08 21:39:28.014000,1.13976,1.13945,5440000,3370000
2016-05-08 21:39:37.804000,1.13976,1.13945,5060000,3370000
2016-05-08 21:39:37.914000,1.13976,1.13945,5440000,3370000
2016-05-08 21:39:38.284000,1.13976,1.13945,5440000,3070000
2016-05-08 21:39:38.944000,1.13976,1.13945,5440000,3370000
2016-05-08 21:39:39.564000,1.13976,1.13945,5440000,3070000
2016-05-08 21:39:40.106000,1.13976,1.13945,5440000,3370000
2016-05-08 21:39:41.560000,1.13973,1.13945,1940000,3000000
2016-05-08 21:39:41.900000,1.13973,1.13945,1690000,3070000
2016-05-08 21:39:43.313000,1.13973,1.13945,1940000,3070000
2016-05-08 21:40:11.281000,1.13973,1.13945,1690000,3070000
2016-05-08 21:40:22.586000,1.13974,1.13945,1560000,4120000
2016-05-08 21:40:27.781000,1.13974,1.13945,1560000,4120000
2016-05-08 21:40:42.191000,1.13974,1.13945,1940000,3820000
2016-05-08 21:40:50.662000,1.13973,1.13946,2060000,1070000
2016-05-08 21:40:50.771000,1.13973,1.13946,2060000,1120000
2016-05-08 21:40:55.391000,1.13973,1.13946,2060000,1070000
2016-05-08 21:41:10.461000,1.13973,1.13945,1560000,5620000
2016-05-08 21:42:13.271000,1.13973,1.13945,1310000,5620000
2016-05-08 21:43:26.641000,1.13973,1.13945,1690000,5320000
2016-05-08 21:43:44.570000,1.13973,1.13945,1560000,5320000
2016-05-08 21:43:53.591000,1.13973,1.13945,1560000,5320000
2016-05-08 21:44:20.506000,1.13973,1.13945,1940000,5320000
2016-05-08 21:44:30.747000,1.13973,1.13945,1940000,5320000
2016-05-08 21:44:32.619000,1.13973,1.13945,1940000,5320000
2016-05-08 21:45:24.413000,1.13972,1.13945,1560000,5320000
2016-05-08 21:45:24.706000,1.13972,1.13945,1690000,5320000
2016-05-08 21:45:32.515000,1.13972,1.13945,1560000,5320000
2016-05-08 21:45:42.415000,1.13971,1.13943,1310000,1370000
2016-05-08 21:46:06.859000,1.13972,1.13944,1940000,1000000
2016-05-08 21:46:06.972000,1.13972,1.13944,1560000,1070000
2016-05-08 21:46:07.056000,1.13972,1.13944,1310000,1370000
2016-05-08 21:46:31.275000,1.13971,1.13944,1310000,1070000
2016-05-08 21:47:13.165000,1.13971,1.13944,1310000,1120000
2016-05-08 21:47:16.356000,1.13971,1.13944,1620000,1070000
2016-05-08 21:47:29.225000,1.13971,1.13944,1620000,1120000
2016-05-08 21:47:49.590000,1.13971,1.13944,1620000,1370000
2016-05-08 21:47:49.928000,1.13971,1.13944,1690000,1070000
2016-05-08 21:47:52.655000,1.13971,1.13944,1620000,1370000
2016-05-08 21:47:54.236000,1.13971,1.13944,1620000,1120000
2016-05-08 21:47:54.431000,1.13971,1.13944,1370000,1370000
2016-05-08 21:47:54.856000,1.13971,1.13944,1370000,1120000
2016-05-08 21:48:01.031000,1.13971,1.13944,1750000,1070000
2016-05-08 21:48:10.981000,1.13971,1.13945,1620000,5620000
2016-05-08 21:48:11.319000,1.13971,1.13945,2000000,5250000
2016-05-08 21:48:11.870000,1.13971,1.13945,2000000,5320000
2016-05-08 21:48:12.386000,1.13971,1.13945,1620000,5320000
2016-05-08 21:48:12.547000,1.13971,1.13945,2000000,5250000
2016-05-08 21:48:12.656000,1.13971,1.13945,1690000,5320000
2016-05-08 21:48:12.872000,1.13971,1.13945,1310000,5620000
2016-05-08 21:48:13.427000,1.13971,1.13945,1620000,5620000
2016-05-08 21:48:17.455000,1.13971,1.13945,1620000,5320000
2016-05-08 21:48:17.556000,1.13971,1.13945,2000000,5250000
2016-05-08 21:48:17.684000,1.13971,1.13945,1690000,5320000
2016-05-08 21:48:18.216000,1.13971,1.13945,1620000,5320000
2016-05-08 21:48:18.267000,1.13971,1.13945,2000000,5320000
2016-05-08 21:48:18.596000,1.13971,1.13945,1620000,5320000
2016-05-08 21:48:18.706000,1.13971,1.13945,1310000,5620000
2016-05-08 21:48:19.146000,1.13971,1.13945,1620000,5620000
2016-05-08 21:48:20.416000,1.13971,1.13945,1620000,5320000
2016-05-08 21:48:20.652000,1.13971,1.13945,1620000,5320000
2016-05-08 21:48:21.028000,1.13971,1.13945,1620000,5620000
2016-05-08 21:48:21.085000,1.13971,1.13945,1620000,5320000
2016-05-08 21:48:21.676000,1.13971,1.13945,2000000,5250000
2016-05-08 21:48:21.786000,1.13971,1.13945,1620000,5320000
2016-05-08 21:48:21.896000,1.13971,1.13945,2000000,5250000
2016-05-08 21:48:22.434000,1.13971,1.13945,2000000,5250000
2016-05-08 21:48:24.096000,1.13971,1.13945,2000000,5250000
2016-05-08 21:48:27.236000,1.13971,1.13945,1620000,5320000
2016-05-08 21:48:27.346000,1.13971,1.13945,1620000,5620000
2016-05-08 21:48:27.676000,1.13971,1.13945,2000000,5250000
2016-05-08 21:48:28.365000,1.13971,1.13945,2000000,5250000
2016-05-08 21:48:34.166000,1.13971,1.13945,1690000,5320000
2016-05-08 21:48:49.346000,1.13971,1.13945,2000000,5250000
2016-05-08 21:49:01.773000,1.13956,1.13945,1000000,5250000
2016-05-08 21:49:02.076000,1.13946,1.13940,1000000,940000
2016-05-08 21:49:02.127000,1.13956,1.13945,1370000,3000000
2016-05-08 21:49:02.178000,1.13958,1.13947,1500000,1000000
2016-05-08 21:49:02.228000,1.13965,1.13947,2060000,1000000
2016-05-08 21:49:02.566000,1.13969,1.13948,2440000,1000000
2016-05-08 21:49:03.002000,1.13975,1.13947,1940000,1000000
2016-05-08 21:49:04.765000,1.13975,1.13947,1940000,1100000
2016-05-08 21:49:05.357000,1.13975,1.13947,1940000,1000000
2016-05-08 21:49:08.518000,1.13976,1.13946,3940000,1000000
2016-05-08 21:49:08.619000,1.13977,1.13949,4690000,1000000
2016-05-08 21:49:26.086000,1.13978,1.13949,5440000,1000000
2016-05-08 21:49:28.446000,1.13977,1.13949,1940000,1100000
2016-05-08 21:49:38.236000,1.13977,1.13948,1560000,1070000
2016-05-08 21:50:02.384000,1.13977,1.13947,1940000,2320000
2016-05-08 21:50:03.374000,1.13977,1.13947,1940000,2320000
2016-05-08 21:50:09.584000,1.13977,1.13947,1690000,2320000
2016-05-08 21:50:09.915000,1.13977,1.13947,1560000,2320000
2016-05-08 21:50:10.024000,1.13977,1.13947,1940000,2320000
2016-05-08 21:50:13.324000,1.13977,1.13947,1940000,2320000
2016-05-08 21:50:18.154000,1.13977,1.13947,1940000,2320000
2016-05-08 21:50:19.044000,1.13977,1.13947,1690000,2320000
2016-05-08 21:50:31.446000,1.13977,1.13946,1940000,2320000
2016-05-08 21:50:34.774000,1.13977,1.13947,1940000,2320000
2016-05-08 21:50:46.870000,1.13977,1.13947,2440000,1570000
2016-05-08 21:50:56.436000,1.13978,1.13960,1940000,5250000
2016-05-08 21:50:56.537000,1.13978,1.13960,1750000,5250000
2016-05-08 21:51:24.652000,1.13979,1.13959,2440000,4500000
2016-05-08 21:51:30.103000,1.13978,1.13959,1940000,4500000
2016-05-08 21:51:30.654000,1.13978,1.13960,1940000,4500000
2016-05-08 21:51:39.682000,1.13980,1.13966,6190000,750000
2016-05-08 21:51:40.212000,1.13980,1.13969,6190000,3750000
2016-05-08 21:51:42.785000,1.13980,1.13963,6940000,750000
2016-05-08 21:51:42.838000,1.13980,1.13963,6940000,750000
2016-05-08 21:51:44.294000,1.13979,1.13963,3940000,750000
2016-05-08 21:51:45.497000,1.13977,1.13969,1000000,3750000
2016-05-08 21:51:45.893000,1.13972,1.13968,1000000,3000000
2016-05-08 21:52:15.744000,1.13972,1.13953,1370000,1500000
2016-05-08 21:52:25.027000,1.13972,1.13953,1370000,1500000
2016-05-08 21:52:28.553000,1.13972,1.13954,1370000,1000000
2016-05-08 21:52:47.105000,1.13972,1.13955,1370000,1000000
2016-05-08 21:52:50.685000,1.13973,1.13965,1370000,6000000
2016-05-08 21:52:57.433000,1.13973,1.13964,1500000,6000000
2016-05-08 21:52:58.976000,1.13973,1.13965,1370000,6000000
2016-05-08 21:53:06.520000,1.13972,1.13969,1000000,3000000
2016-05-08 21:53:06.621000,1.13979,1.13970,1250000,3750000
2016-05-08 21:53:08.246000,1.13979,1.13967,1750000,3750000
2016-05-08 21:53:08.373000,1.13979,1.13970,1750000,3750000
2016-05-08 21:53:08.434000,1.13979,1.13968,1750000,3750000
2016-05-08 21:53:08.804000,1.13979,1.13966,4500000,3750000
2016-05-08 21:53:09.745000,1.13979,1.13963,4500000,1000000
2016-05-08 21:53:09.900000,1.13979,1.13963,1750000,1000000
2016-05-08 21:53:10.327000,1.13979,1.13963,1750000,1000000
2016-05-08 21:53:10.428000,1.13979,1.13963,1750000,1000000
2016-05-08 21:53:10.560000,1.13979,1.13963,1750000,1000000
2016-05-08 21:53:11.078000,1.13979,1.13963,1750000,1000000
2016-05-08 21:53:12.630000,1.13979,1.13963,3750000,1000000
2016-05-08 21:53:13.844000,1.13980,1.13963,4500000,1000000
2016-05-08 21:53:13.894000,1.13980,1.13970,4500000,4500000
2016-05-08 21:53:17.783000,1.13980,1.13970,1750000,4500000
2016-05-08 21:53:18.923000,1.13980,1.13968,1750000,4500000
2016-05-08 21:53:21.104000,1.13980,1.13962,1750000,1000000
2016-05-08 21:53:26.913000,1.13980,1.13962,1750000,1000000
2016-05-08 21:53:34.210000,1.13980,1.13963,1750000,1000000
2016-05-08 21:53:55.073000,1.13980,1.13963,1370000,750000
2016-05-08 21:54:01.245000,1.13980,1.13962,1370000,750000
2016-05-08 21:54:01.659000,1.13980,1.13960,1370000,1000000
2016-05-08 21:54:01.760000,1.13980,1.13964,1370000,750000
2016-05-08 21:54:12.023000,1.13980,1.13963,1370000,1000000
2016-05-08 21:54:12.325000,1.13980,1.13970,1370000,3750000
2016-05-08 21:54:38.562000,1.13979,1.13968,1690000,3750000
2016-05-08 21:55:01.073000,1.13978,1.13962,2000000,750000
2016-05-08 21:55:05.823000,1.13978,1.13962,1620000,1000000
2016-05-08 21:55:06.332000,1.13978,1.13961,1620000,1000000
2016-05-08 21:55:10.542000,1.13978,1.13961,1690000,1000000
2016-05-08 21:55:13.499000,1.13978,1.13962,1690000,1000000
2016-05-08 21:55:19.201000,1.13978,1.13961,1690000,1000000
2016-05-08 21:55:30.642000,1.13978,1.13960,3190000,1000000
2016-05-08 21:55:30.693000,1.13976,1.13965,1750000,3750000
2016-05-08 21:55:33.855000,1.13976,1.13960,1750000,1000000
2016-05-08 21:55:34.587000,1.13976,1.13965,1750000,3750000
2016-05-08 21:55:37.043000,1.13975,1.13967,1370000,3750000
2016-05-08 21:55:37.555000,1.13975,1.13969,1000000,3750000
2016-05-08 21:55:37.789000,1.13975,1.13959,1000000,1000000
2016-05-08 21:55:45.917000,1.13973,1.13967,1000000,750000
2016-05-08 21:55:46.295000,1.13971,1.13966,1000000,600000
2016-05-08 21:55:46.801000,1.13970,1.13954,1250000,1000000
2016-05-08 21:55:46.852000,1.13971,1.13950,1190000,1000000
2016-05-08 21:55:47.004000,1.13968,1.13947,1000000,1000000
2016-05-08 21:55:52.242000,1.13968,1.13945,1000000,1000000
2016-05-08 21:55:56.945000,1.13973,1.13947,1190000,1000000
2016-05-08 21:55:56.996000,1.13971,1.13954,1100000,1000000
2016-05-08 21:56:02.707000,1.13972,1.13955,1320000,1000000
2016-05-08 21:56:07.804000,1.13972,1.13954,1320000,1500000
2016-05-08 21:56:09.235000,1.13972,1.13954,1250000,1570000
2016-05-08 21:56:11.525000,1.13972,1.13954,1320000,1500000
2016-05-08 21:56:17.901000,1.13972,1.13954,1250000,1570000
2016-05-08 21:56:30.427000,1.13972,1.13954,1320000,1500000
2016-05-08 21:56:30.967000,1.13972,1.13954,1320000,1500000
2016-05-08 21:56:35.115000,1.13972,1.13955,1320000,1000000
2016-05-08 21:56:36.852000,1.13972,1.13955,1070000,1250000
2016-05-08 21:56:36.959000,1.13972,1.13955,1000000,1320000
2016-05-08 21:56:37.381000,1.13972,1.13955,1320000,1000000
2016-05-08 21:56:37.839000,1.13972,1.13955,1250000,1070000
2016-05-08 21:56:38.018000,1.13972,1.13955,1010000,1000000
2016-05-08 21:56:48.716000,1.13972,1.13955,1320000,1000000
2016-05-08 21:56:49.692000,1.13972,1.13955,1010000,1000000
2016-05-08 21:57:05.993000,1.13973,1.13955,1310000,1000000
2016-05-08 21:57:50.207000,1.13973,1.13955,1260000,1000000
2016-05-08 21:57:50.741000,1.13973,1.13955,1290000,1070000
2016-05-08 21:57:51.253000,1.13973,1.13955,1190000,1070000
2016-05-08 21:57:51.583000,1.13973,1.13955,1190000,1560000
2016-05-08 21:57:52.881000,1.13973,1.13955,1190000,1310000
2016-05-08 21:57:55.418000,1.13973,1.13955,1190000,1260000
2016-05-08 21:57:59.261000,1.13974,1.13955,1260000,1320000
2016-05-08 21:58:13.304000,1.13975,1.13955,1260000,1070000
2016-05-08 21:58:16.977000,1.13975,1.13955,1260000,1070000
2016-05-08 21:58:19.247000,1.13975,1.13955,1560000,1000000
2016-05-08 21:58:19.399000,1.13975,1.13955,1260000,1070000
2016-05-08 21:58:23.322000,1.13975,1.13955,1260000,1320000
2016-05-08 21:58:25.125000,1.13974,1.13955,1260000,1010000
2016-05-08 21:58:25.633000,1.13974,1.13955,1260000,1320000
2016-05-08 21:58:26.244000,1.13974,1.13955,1260000,1250000
2016-05-08 21:58:27.057000,1.13974,1.13955,1190000,1310000
2016-05-08 21:58:35.241000,1.13975,1.13955,1260000,1320000
2016-05-08 21:58:35.747000,1.13975,1.13955,1260000,1070000
2016-05-08 21:58:36.530000,1.13975,1.13955,1260000,1320000
2016-05-08 21:58:37.048000,1.13975,1.13955,1190000,1260000
2016-05-08 21:58:40.053000,1.13975,1.13955,1190000,1320000
2016-05-08 21:58:40.398000,1.13975,1.13955,1190000,1560000
2016-05-08 21:58:44.143000,1.13975,1.13955,1190000,1560000
2016-05-08 21:58:44.327000,1.13975,1.13955,1290000,1310000
2016-05-08 21:58:46.637000,1.13975,1.13955,1190000,1260000
2016-05-08 21:58:48.103000,1.13975,1.13955,1290000,1310000
2016-05-08 21:58:55.447000,1.13975,1.13955,1190000,1560000
2016-05-08 21:58:56.018000,1.13975,1.13955,1260000,1260000
2016-05-08 21:59:03.497000,1.13972,1.13957,190000,100000
2016-05-08 21:59:07.673000,1.13973,1.13959,190000,100000
2016-05-08 21:59:08.008000,1.13973,1.13957,260000,940000
2016-05-08 21:59:08.161000,1.13971,1.13956,750000,100000
2016-05-08 21:59:08.565000,1.13969,1.13955,100000,940000
2016-05-08 21:59:08.674000,1.13971,1.13955,820000,940000
2016-05-08 21:59:09.175000,1.13970,1.13955,100000,940000
2016-05-08 21:59:10.526000,1.13969,1.13955,100000,940000
2016-05-08 21:59:10.632000,1.13971,1.13955,820000,940000
2016-05-08 21:59:11.535000,1.13972,1.13959,940000,100000
2016-05-08 21:59:11.839000,1.13976,1.13958,190000,100000
2016-05-08 21:59:13.082000,1.13975,1.13958,100000,100000
2016-05-08 21:59:16.558000,1.13976,1.13959,260000,100000
2016-05-08 21:59:18.144000,1.13975,1.13957,100000,820000
2016-05-08 21:59:18.347000,1.13976,1.13959,260000,100000
2016-05-08 21:59:20.010000,1.13975,1.13958,100000,750000
2016-05-08 21:59:20.625000,1.13974,1.13958,190000,1010000
2016-05-08 21:59:20.992000,1.13974,1.13960,190000,100000
2016-05-08 21:59:21.302000,1.13974,1.13962,190000,100000
2016-05-08 21:59:21.442000,1.13974,1.13960,190000,100000
2016-05-08 21:59:22.645000,1.13974,1.13962,190000,100000
2016-05-08 21:59:25.157000,1.13974,1.13958,260000,940000
2016-05-08 21:59:25.658000,1.13974,1.13959,190000,100000
2016-05-08 21:59:26.677000,1.13974,1.13958,190000,1010000
2016-05-08 21:59:27.157000,1.13974,1.13960,190000,100000
2016-05-08 21:59:27.460000,1.13975,1.13962,190000,190000
2016-05-08 21:59:28.107000,1.13975,1.13963,190000,100000
2016-05-08 21:59:30.218000,1.13973,1.13961,190000,750000
2016-05-08 21:59:53.419000,1.13974,1.13961,190000,750000
2016-05-08 21:59:54.421000,1.13973,1.13961,190000,750000
2016-05-08 21:59:54.924000,1.13973,1.13962,190000,750000
2016-05-08 22:00:00.205000,1.13973,1.13968,190000,750000
2016-05-08 22:00:00.256000,1.13977,1.13968,940000,750000
2016-05-08 22:00:00.509000,1.13979,1.13968,750000,750000
2016-05-08 22:00:00.661000,1.13977,1.13968,190000,750000
2016-05-08 22:00:00.965000,1.13978,1.13971,190000,100000
2016-05-08 22:00:01.017000,1.13980,1.13970,940000,750000
2016-05-08 22:00:01.118000,1.13980,1.13973,190000,100000
2016-05-08 22:00:01.270000,1.13980,1.13970,190000,750000
2016-05-08 22:00:01.320000,1.13977,1.13970,190000,750000
2016-05-08 22:00:01.684000,1.13977,1.13975,190000,100000
2016-05-08 22:00:01.786000,1.13979,1.13972,940000,100000
2016-05-08 22:00:01.939000,1.13977,1.13972,750000,100000
2016-05-08 22:00:02.272000,1.13984,1.13976,750000,100000
2016-05-08 22:00:02.583000,1.13986,1.13974,190000,1570000
2016-05-08 22:00:02.634000,1.13989,1.13978,750000,190000
2016-05-08 22:00:03.038000,1.13991,1.13979,750000,750000
2016-05-08 22:00:04.017000,1.13992,1.13979,750000,820000
2016-05-08 22:00:07.332000,1.13990,1.13979,750000,750000
2016-05-08 22:00:07.916000,1.13990,1.13978,750000,260000
2016-05-08 22:00:08.272000,1.13990,1.13980,750000,750000
2016-05-08 22:00:08.803000,1.13991,1.13981,750000,750000
2016-05-08 22:00:08.956000,1.13994,1.13981,940000,750000
2016-05-08 22:00:09.115000,1.13992,1.13981,750000,750000
2016-05-08 22:00:10.049000,1.13994,1.13981,190000,750000
2016-05-08 22:00:10.563000,1.13993,1.13981,750000,750000
2016-05-08 22:00:11.238000,1.13994,1.13981,940000,750000
2016-05-08 22:00:13.124000,1.13993,1.13981,750000,190000
2016-05-08 22:00:13.673000,1.13992,1.13981,750000,190000
2016-05-08 22:00:18.618000,1.13990,1.13981,750000,190000
2016-05-08 22:00:19.615000,1.13992,1.13981,750000,190000
2016-05-08 22:00:20.241000,1.13993,1.13981,750000,190000
2016-05-08 22:00:22.718000,1.13992,1.13981,750000,190000
2016-05-08 22:00:23.326000,1.13993,1.13981,750000,190000
2016-05-08 22:00:26.803000,1.13994,1.13981,940000,190000
2016-05-08 22:00:28.510000,1.13994,1.13982,750000,190000
2016-05-08 22:00:28.806000,1.13992,1.13982,750000,190000
2016-05-08 22:00:30.244000,1.13994,1.13982,750000,190000
2016-05-08 22:00:30.756000,1.13991,1.13982,750000,190000
2016-05-08 22:00:31.316000,1.13992,1.13982,750000,190000
2016-05-08 22:00:31.847000,1.13993,1.13982,1500000,190000
2016-05-08 22:00:34.367000,1.13992,1.13982,750000,190000
2016-05-08 22:00:36.686000,1.13992,1.13983,750000,600000
2016-05-08 22:00:37.250000,1.13993,1.13983,1500000,600000
2016-05-08 22:00:41.363000,1.13992,1.13983,750000,2440000
2016-05-08 22:00:43.065000,1.13992,1.13990,750000,750000
2016-05-08 22:00:43.368000,1.13993,1.13992,750000,100000
2016-05-08 22:00:43.419000,1.13993,1.13986,750000,940000
2016-05-08 22:00:43.956000,1.13993,1.13987,750000,750000
2016-05-08 22:00:44.473000,1.13993,1.13988,750000,1990000
2016-05-08 22:00:44.579000,1.13997,1.13988,1690000,1980000
2016-05-08 22:00:44.881000,1.14001,1.13988,750000,190000
2016-05-08 22:00:44.933000,1.14003,1.13988,750000,260000
2016-05-08 22:00:45.034000,1.14003,1.13993,750000,150000
2016-05-08 22:00:46.112000,1.14002,1.13993,750000,600000
2016-05-08 22:00:46.747000,1.14001,1.13993,940000,450000
2016-05-08 22:00:46.798000,1.14001,1.13988,940000,710000
2016-05-08 22:00:49.815000,1.14001,1.13989,190000,750000
2016-05-08 22:00:50.316000,1.14001,1.13988,190000,4160000
2016-05-08 22:00:50.618000,1.14001,1.13993,190000,150000
2016-05-08 22:00:50.720000,1.14003,1.13993,1500000,600000
2016-05-08 22:00:51.270000,1.14002,1.13993,940000,600000
2016-05-08 22:00:53.783000,1.14001,1.13993,190000,600000
2016-05-08 22:00:53.997000,1.14001,1.13990,190000,1870000
2016-05-08 22:00:54.556000,1.14000,1.13990,190000,1870000
2016-05-08 22:00:55.254000,1.14002,1.13990,750000,1870000
2016-05-08 22:00:55.803000,1.14001,1.13990,190000,1870000
2016-05-08 22:00:59.964000,1.14002,1.13990,190000,2620000
2016-05-08 22:01:01.043000,1.14000,1.13990,190000,370000
2016-05-08 22:01:01.346000,1.13995,1.13988,750000,190000
2016-05-08 22:01:01.863000,1.13995,1.13987,750000,940000
2016-05-08 22:01:02.870000,1.13995,1.13988,750000,150000
2016-05-08 22:01:05.936000,1.13995,1.13987,750000,1540000
2016-05-08 22:01:06.473000,1.13994,1.13988,750000,600000
2016-05-08 22:01:08.828000,1.13989,1.13983,300000,2810000
2016-05-08 22:01:08.929000,1.13994,1.13983,100000,370000
2016-05-08 22:01:09.031000,1.13994,1.13981,750000,750000
2016-05-08 22:01:09.463000,1.13990,1.13983,450000,150000
2016-05-08 22:01:09.666000,1.13994,1.13981,2440000,190000
2016-05-08 22:01:10.185000,1.13990,1.13981,150000,190000
2016-05-08 22:01:12.185000,1.13993,1.13981,750000,190000
2016-05-08 22:01:12.286000,1.13993,1.13983,750000,190000
2016-05-08 22:01:12.495000,1.13993,1.13981,750000,190000
2016-05-08 22:01:13.286000,1.13992,1.13981,750000,190000
2016-05-08 22:01:16.590000,1.13990,1.13981,750000,190000
2016-05-08 22:01:16.894000,1.13992,1.13981,750000,190000
2016-05-08 22:01:17.399000,1.13993,1.13981,1500000,190000
2016-05-08 22:01:17.919000,1.13992,1.13981,750000,190000
2016-05-08 22:01:20.530000,1.13993,1.13981,2250000,190000
2016-05-08 22:01:21.043000,1.13992,1.13981,750000,190000
2016-05-08 22:01:21.528000,1.13992,1.13983,750000,190000
2016-05-08 22:01:21.848000,1.13993,1.13981,750000,190000
2016-05-08 22:01:28.354000,1.13993,1.13983,750000,190000
2016-05-08 22:01:29.026000,1.13993,1.13982,820000,100000
2016-05-08 22:01:29.543000,1.13993,1.13983,1010000,940000
2016-05-08 22:01:32.417000,1.13993,1.13982,820000,260000
2016-05-08 22:01:40.152000,1.13992,1.13982,750000,190000
2016-05-08 22:01:40.702000,1.13993,1.13982,1500000,190000
2016-05-08 22:01:41.364000,1.13992,1.13982,190000,190000
2016-05-08 22:01:59.362000,1.13992,1.13980,190000,820000
2016-05-08 22:01:59.793000,1.13992,1.13982,940000,190000
2016-05-08 22:02:02.991000,1.13992,1.13979,1690000,190000
2016-05-08 22:02:03.555000,1.13992,1.13981,1500000,190000
2016-05-08 22:02:07.762000,1.13992,1.13979,940000,190000
2016-05-08 22:02:13.765000,1.13991,1.13979,750000,1690000
2016-05-08 22:02:14.469000,1.13990,1.13979,750000,1690000
2016-05-08 22:02:15.400000,1.13989,1.13979,750000,1690000
2016-05-08 22:02:15.451000,1.13987,1.13979,190000,1120000
2016-05-08 22:02:15.603000,1.13983,1.13974,750000,750000
2016-05-08 22:02:16.120000,1.13983,1.13975,750000,190000
2016-05-08 22:02:16.677000,1.13984,1.13975,600000,190000
2016-05-08 22:02:17.513000,1.13984,1.13977,600000,190000
2016-05-08 22:02:17.971000,1.13984,1.13975,600000,190000
2016-05-08 22:02:18.969000,1.13979,1.13975,450000,190000
2016-05-08 22:02:19.506000,1.13979,1.13976,600000,190000
2016-05-08 22:02:31.055000,1.13979,1.13974,600000,750000
2016-05-08 22:02:31.573000,1.13979,1.13975,2250000,750000
2016-05-08 22:02:31.790000,1.13974,1.13973,150000,750000
2016-05-08 22:02:32.681000,1.13974,1.13971,600000,190000
2016-05-08 22:02:32.833000,1.13978,1.13972,190000,190000
2016-05-08 22:02:32.935000,1.13978,1.13968,190000,190000
2016-05-08 22:02:32.986000,1.13976,1.13968,750000,190000
2016-05-08 22:02:33.128000,1.13976,1.13963,940000,1090000
2016-05-08 22:02:33.179000,1.13976,1.13967,940000,750000
2016-05-08 22:02:33.716000,1.13974,1.13966,150000,100000
2016-05-08 22:02:35.313000,1.13974,1.13965,450000,100000
2016-05-08 22:02:35.848000,1.13974,1.13966,600000,100000
2016-05-08 22:02:36.241000,1.13974,1.13968,1500000,750000
2016-05-08 22:02:36.750000,1.13974,1.13969,1500000,750000
2016-05-08 22:02:39.425000,1.13974,1.13968,1500000,750000
2016-05-08 22:02:39.943000,1.13974,1.13969,1500000,750000
2016-05-08 22:02:40.336000,1.13971,1.13967,750000,750000
2016-05-08 22:02:40.438000,1.13973,1.13967,750000,750000
2016-05-08 22:02:40.954000,1.13973,1.13968,750000,750000
2016-05-08 22:02:41.580000,1.13972,1.13968,750000,750000
2016-05-08 22:02:41.631000,1.13970,1.13968,750000,750000
2016-05-08 22:02:41.732000,1.13972,1.13968,750000,750000
2016-05-08 22:02:42.252000,1.13973,1.13968,750000,750000
2016-05-08 22:02:42.782000,1.13973,1.13967,750000,750000
2016-05-08 22:02:43.315000,1.13974,1.13966,1350000,750000
2016-05-08 22:02:43.931000,1.13970,1.13966,750000,750000
2016-05-08 22:02:43.982000,1.13970,1.13964,750000,820000
2016-05-08 22:02:44.184000,1.13969,1.13966,600000,100000
2016-05-08 22:02:47.908000,1.13969,1.13965,150000,100000
2016-05-08 22:02:48.454000,1.13969,1.13966,150000,100000
2016-05-08 22:02:49.341000,1.13969,1.13967,600000,100000
2016-05-08 22:02:50.244000,1.13969,1.13965,600000,100000
2016-05-08 22:02:50.833000,1.13969,1.13966,600000,100000
2016-05-08 22:02:51.737000,1.13969,1.13967,600000,750000
2016-05-08 22:02:51.788000,1.13969,1.13968,600000,750000
2016-05-08 22:02:51.839000,1.13974,1.13972,6750000,750000
2016-05-08 22:02:52.144000,1.13974,1.13970,6750000,750000
2016-05-08 22:02:52.295000,1.13975,1.13968,9000000,750000
2016-05-08 22:02:52.453000,1.13973,1.13967,750000,750000
2016-05-08 22:02:52.976000,1.13973,1.13968,750000,750000
2016-05-08 22:02:53.275000,1.13973,1.13965,750000,750000
2016-05-08 22:02:53.802000,1.13973,1.13966,750000,750000
2016-05-08 22:02:54.333000,1.13973,1.13967,750000,750000
2016-05-08 22:02:55.554000,1.13973,1.13966,750000,750000
2016-05-08 22:02:56.099000,1.13973,1.13967,750000,750000
2016-05-08 22:03:02.417000,1.13973,1.13966,750000,750000
2016-05-08 22:03:02.967000,1.13973,1.13967,750000,750000
2016-05-08 22:03:05.623000,1.13973,1.13966,750000,750000
2016-05-08 22:03:06.321000,1.13973,1.13965,750000,750000
2016-05-08 22:03:07.225000,1.13973,1.13966,750000,750000
2016-05-08 22:03:15.679000,1.13973,1.13964,750000,940000
2016-05-08 22:03:16.795000,1.13973,1.13967,750000,750000
2016-05-08 22:03:17.527000,1.13973,1.13971,750000,750000
2016-05-08 22:03:18.299000,1.13972,1.13971,750000,750000
2016-05-08 22:03:18.802000,1.13973,1.13971,750000,750000
2016-05-08 22:03:19.322000,1.13974,1.13971,7500000,750000
2016-05-08 22:03:20.554000,1.13974,1.13970,8250000,750000
2016-05-08 22:03:21.154000,1.13974,1.13971,8250000,750000
2016-05-08 22:03:22.056000,1.13974,1.13969,600000,100000
2016-05-08 22:03:22.638000,1.13974,1.13970,600000,100000
2016-05-08 22:03:23.436000,1.13974,1.13969,370000,750000
2016-05-08 22:03:30.023000,1.13974,1.13968,370000,750000
2016-05-08 22:03:30.617000,1.13974,1.13969,370000,750000
2016-05-08 22:03:31.125000,1.13974,1.13970,600000,100000
2016-05-08 22:03:31.424000,1.13974,1.13968,1500000,750000
2016-05-08 22:03:31.977000,1.13974,1.13969,1500000,750000
2016-05-08 22:03:32.623000,1.13974,1.13970,1500000,750000
2016-05-08 22:03:33.180000,1.13974,1.13969,1500000,750000
2016-05-08 22:03:35.486000,1.13974,1.13968,1500000,750000
2016-05-08 22:03:36.056000,1.13974,1.13969,1500000,750000
2016-05-08 22:03:39.096000,1.13974,1.13967,1500000,750000
2016-05-08 22:03:39.788000,1.13974,1.13970,1500000,750000
2016-05-08 22:03:40.397000,1.13974,1.13969,1500000,750000
2016-05-08 22:03:40.942000,1.13974,1.13970,1500000,750000
2016-05-08 22:03:41.667000,1.13974,1.13969,1500000,750000
2016-05-08 22:03:42.203000,1.13974,1.13970,1500000,750000
2016-05-08 22:03:42.289000,1.13974,1.13967,1500000,750000
2016-05-08 22:03:42.806000,1.13974,1.13968,370000,750000
2016-05-08 22:03:44.452000,1.13974,1.13964,1120000,940000
2016-05-08 22:03:44.968000,1.13974,1.13965,1500000,750000
2016-05-08 22:03:45.109000,1.13974,1.13968,1500000,750000
2016-05-08 22:03:45.714000,1.13974,1.13967,1500000,750000
2016-05-08 22:03:47.268000,1.13974,1.13966,2250000,750000
2016-05-08 22:03:47.861000,1.13974,1.13967,2250000,750000
2016-05-08 22:03:49.342000,1.13974,1.13968,2250000,750000
2016-05-08 22:03:51.877000,1.13974,1.13967,600000,100000
2016-05-08 22:03:52.710000,1.13974,1.13970,600000,100000
2016-05-08 22:03:54.589000,1.13974,1.13969,600000,100000
2016-05-08 22:03:55.410000,1.13974,1.13968,600000,100000
2016-05-08 22:03:56.942000,1.13974,1.13969,600000,100000
2016-05-08 22:03:58.332000,1.13974,1.13968,600000,100000
2016-05-08 22:04:00.549000,1.13974,1.13967,600000,100000
2016-05-08 22:04:01.087000,1.13974,1.13968,600000,100000
2016-05-08 22:04:01.630000,1.13977,1.13964,1600000,2510000
2016-05-08 22:04:02.340000,1.13977,1.13964,1700000,2510000
2016-05-08 22:04:03.239000,1.13977,1.13964,1700000,2510000
2016-05-08 22:04:07.263000,1.13977,1.13964,1600000,2510000
2016-05-08 22:04:07.794000,1.13977,1.13964,1700000,2510000
2016-05-08 22:04:12.808000,1.13974,1.13967,2250000,1000000
2016-05-08 22:04:13.797000,1.13974,1.13966,2250000,1250000
2016-05-08 22:04:16.984000,1.13974,1.13967,2250000,1000000
2016-05-08 22:04:19.302000,1.13974,1.13968,2250000,1000000
2016-05-08 22:04:20.351000,1.13974,1.13967,2250000,1000000
2016-05-08 22:04:20.913000,1.13974,1.13968,3750000,1000000
2016-05-08 22:04:22.661000,1.13974,1.13967,3750000,1000000
2016-05-08 22:04:23.272000,1.13974,1.13968,3750000,1000000
2016-05-08 22:04:25.644000,1.13974,1.13967,3750000,1000000
2016-05-08 22:04:26.243000,1.13974,1.13968,3750000,1000000
2016-05-08 22:04:26.958000,1.13974,1.13965,2250000,1190000
2016-05-08 22:04:27.564000,1.13974,1.13967,2250000,1000000
2016-05-08 22:04:28.221000,1.13974,1.13968,2250000,1000000
2016-05-08 22:04:29.772000,1.13974,1.13967,2250000,1000000
2016-05-08 22:04:40.821000,1.13974,1.13969,3750000,1000000
2016-05-08 22:04:41.349000,1.13974,1.13968,3750000,1000000
2016-05-08 22:04:42.356000,1.13974,1.13967,3750000,1000000
2016-05-08 22:04:42.859000,1.13974,1.13968,3750000,1000000
2016-05-08 22:04:46.797000,1.13974,1.13967,2250000,1000000
2016-05-08 22:04:47.371000,1.13974,1.13968,2250000,1000000
2016-05-08 22:04:47.916000,1.13974,1.13969,3000000,1000000
2016-05-08 22:04:48.601000,1.13974,1.13968,3000000,1000000
2016-05-08 22:04:50.720000,1.13974,1.13967,3000000,1000000
2016-05-08 22:04:51.256000,1.13974,1.13968,3000000,1000000
2016-05-08 22:04:51.926000,1.13974,1.13967,3000000,1000000
2016-05-08 22:04:52.753000,1.13974,1.13968,3000000,1000000
2016-05-08 22:04:55.365000,1.13974,1.13966,3000000,1250000
2016-05-08 22:04:56.598000,1.13974,1.13968,3000000,1000000
2016-05-08 22:04:57.217000,1.13974,1.13967,3000000,1000000
2016-05-08 22:04:58.301000,1.13974,1.13968,3000000,1000000
2016-05-08 22:04:59.252000,1.13974,1.13967,3000000,1000000
2016-05-08 22:04:59.821000,1.13974,1.13968,3000000,1000000
2016-05-08 22:05:00.462000,1.13974,1.13967,3000000,1000000
2016-05-08 22:05:02.078000,1.13974,1.13968,3000000,1000000
2016-05-08 22:05:06.429000,1.13974,1.13964,2250000,1910000
2016-05-08 22:05:06.956000,1.13974,1.13967,2250000,1000000
2016-05-08 22:05:07.811000,1.13974,1.13968,2250000,1000000
2016-05-08 22:05:11.144000,1.13974,1.13964,3000000,1190000
2016-05-08 22:05:12.075000,1.13974,1.13967,3000000,1000000
2016-05-08 22:05:17.025000,1.13974,1.13968,3000000,1000000
2016-05-08 22:05:18.198000,1.13974,1.13967,1000000,1000000
2016-05-08 22:05:18.516000,1.13964,1.13958,6750000,1250000
2016-05-08 22:05:19.060000,1.13964,1.13959,6750000,1000000
2016-05-08 22:05:19.418000,1.13964,1.13961,6750000,1000000
2016-05-08 22:05:22.135000,1.13964,1.13960,6000000,1500000
2016-05-08 22:05:23.580000,1.13964,1.13960,9750000,1190000
2016-05-08 22:05:24.871000,1.13964,1.13962,9750000,1000000
2016-05-08 22:05:27.186000,1.13965,1.13962,2250000,1870000
2016-05-08 22:05:27.496000,1.13966,1.13965,1570000,1000000
2016-05-08 22:05:27.900000,1.13966,1.13964,2920000,1070000
2016-05-08 22:05:28.391000,1.13968,1.13966,6750000,1000000
2016-05-08 22:05:29.492000,1.13967,1.13966,3750000,1000000
2016-05-08 22:05:30.795000,1.13967,1.13966,3000000,1000000
2016-05-08 22:05:32.816000,1.13967,1.13963,1720000,1100000
2016-05-08 22:05:32.918000,1.13969,1.13964,2100000,1570000
2016-05-08 22:05:33.503000,1.13969,1.13964,2100000,1070000
2016-05-08 22:05:34.721000,1.13969,1.13964,2100000,1070000
2016-05-08 22:05:35.327000,1.13969,1.13964,2100000,1070000
2016-05-08 22:05:36.133000,1.13969,1.13964,1950000,1320000
2016-05-08 22:05:36.234000,1.13971,1.13968,1500000,1000000
2016-05-08 22:05:36.287000,1.13973,1.13968,1500000,1000000
2016-05-08 22:05:36.791000,1.13974,1.13969,3000000,1000000
2016-05-08 22:05:37.381000,1.13974,1.13967,1000000,1000000
2016-05-08 22:05:37.882000,1.13974,1.13968,3000000,1000000
2016-05-08 22:05:42.757000,1.13974,1.13969,3000000,1000000
2016-05-08 22:05:45.949000,1.13974,1.13967,5250000,1690000
2016-05-08 22:05:49.112000,1.13974,1.13969,5250000,1000000
2016-05-08 22:05:49.651000,1.13974,1.13967,5250000,2440000
2016-05-08 22:05:53.692000,1.13975,1.13968,4500000,1250000
2016-05-08 22:06:01.135000,1.13977,1.13967,9000000,2440000
2016-05-08 22:06:02.951000,1.13971,1.13967,1000000,1500000
2016-05-08 22:06:03.153000,1.13977,1.13967,10690000,1500000
2016-05-08 22:06:03.204000,1.13977,1.13967,9940000,1690000
2016-05-08 22:06:09.045000,1.13976,1.13966,1500000,1690000
2016-05-08 22:06:28.979000,1.13975,1.13967,1500000,1250000
2016-05-08 22:06:47.559000,1.13975,1.13968,1500000,1000000
2016-05-08 22:06:48.092000,1.13975,1.13967,1500000,1250000
2016-05-08 22:06:49.010000,1.13976,1.13967,1000000,1250000
2016-05-08 22:06:52.178000,1.13976,1.13969,1000000,1000000
2016-05-08 22:06:54.190000,1.13976,1.13968,1000000,1000000
2016-05-08 22:06:54.727000,1.13976,1.13969,1000000,1000000
2016-05-08 22:06:55.244000,1.13976,1.13968,1000000,1000000
2016-05-08 22:06:55.852000,1.13976,1.13969,1000000,1000000
2016-05-08 22:07:03.165000,1.13976,1.13968,1000000,1000000
2016-05-08 22:07:03.723000,1.13976,1.13969,1000000,1000000
2016-05-08 22:07:15.021000,1.13976,1.13968,1500000,1000000
2016-05-08 22:07:15.522000,1.13976,1.13969,1500000,1000000
2016-05-08 22:07:17.514000,1.13976,1.13968,1500000,1000000
2016-05-08 22:07:18.629000,1.13976,1.13966,1500000,3190000
2016-05-08 22:07:20.466000,1.13976,1.13968,1500000,1000000
2016-05-08 22:07:22.841000,1.13976,1.13967,1500000,1250000
2016-05-08 22:07:37.019000,1.13976,1.13968,1500000,1000000
2016-05-08 22:07:38.628000,1.13976,1.13971,1500000,1000000
2016-05-08 22:07:41.383000,1.13976,1.13970,1500000,1000000
2016-05-08 22:07:45.685000,1.13976,1.13969,1500000,1000000
2016-05-08 22:07:46.311000,1.13976,1.13970,1500000,1000000
2016-05-08 22:07:49.813000,1.13976,1.13969,1500000,1000000
2016-05-08 22:07:50.322000,1.13976,1.13968,1500000,1000000
2016-05-08 22:07:51.924000,1.13974,1.13966,1000000,3190000
2016-05-08 22:07:52.230000,1.13973,1.13966,2100000,1690000
2016-05-08 22:07:55.069000,1.13972,1.13967,1500000,1000000
2016-05-08 22:07:56.549000,1.13972,1.13966,1500000,1250000
2016-05-08 22:08:00.617000,1.13973,1.13969,1500000,1000000
2016-05-08 22:08:00.820000,1.13973,1.13967,1500000,1000000
2016-05-08 22:08:02.201000,1.13973,1.13966,1500000,1690000
2016-05-08 22:08:07.424000,1.13973,1.13966,2100000,1250000
2016-05-08 22:08:14.021000,1.13974,1.13966,1000000,3190000
2016-05-08 22:08:14.280000,1.13976,1.13968,1100000,1250000
2016-05-08 22:08:18.425000,1.13974,1.13967,1000000,2440000
2016-05-08 22:08:19.358000,1.13975,1.13967,1000000,1690000
2016-05-08 22:08:19.908000,1.13976,1.13967,1100000,1690000
2016-05-08 22:08:22.630000,1.13976,1.13967,1000000,1500000
2016-05-08 22:08:27.220000,1.13974,1.13967,1000000,1000000
2016-05-08 22:08:27.524000,1.13967,1.13964,1000000,3750000
2016-05-08 22:08:28.025000,1.13967,1.13964,1000000,3750000
2016-05-08 22:08:36.766000,1.13969,1.13964,1000000,5100000
2016-05-08 22:08:36.819000,1.13969,1.13966,1000000,1190000
2016-05-08 22:08:36.921000,1.13968,1.13965,1000000,1000000
2016-05-08 22:08:39.801000,1.13968,1.13966,1000000,1500000
2016-05-08 22:08:39.852000,1.13972,1.13966,2440000,1500000
2016-05-08 22:08:40.381000,1.13972,1.13968,1000000,1000000
2016-05-08 22:08:40.583000,1.13974,1.13969,1500000,1000000
2016-05-08 22:08:41.107000,1.13975,1.13968,1000000,1000000
2016-05-08 22:08:41.745000,1.13976,1.13968,2700000,1250000
2016-05-08 22:09:09.366000,1.13974,1.13967,1000000,1690000
2016-05-08 22:09:12.722000,1.13974,1.13968,1000000,1000000
2016-05-08 22:09:13.326000,1.13974,1.13967,1000000,1690000
2016-05-08 22:09:18.712000,1.13974,1.13968,1000000,1000000
2016-05-08 22:09:19.221000,1.13975,1.13968,1000000,1000000
2016-05-08 22:09:19.755000,1.13977,1.13969,3710000,1000000
2016-05-08 22:09:19.857000,1.13979,1.13971,3750000,1000000
2016-05-08 22:09:20.209000,1.13979,1.13973,1500000,1000000
2016-05-08 22:09:20.311000,1.13982,1.13973,2250000,1250000
2016-05-08 22:09:20.816000,1.13982,1.13973,1500000,1690000
2016-05-08 22:09:20.867000,1.13984,1.13974,2810000,1690000
2016-05-08 22:09:22.528000,1.13984,1.13975,2810000,1000000
2016-05-08 22:09:23.048000,1.13984,1.13974,2810000,2250000
2016-05-08 22:09:40.021000,1.13984,1.13975,3560000,1000000
2016-05-08 22:09:40.072000,1.13984,1.13976,1000000,1690000
2016-05-08 22:09:40.224000,1.13987,1.13978,1500000,3000000
2016-05-08 22:09:40.275000,1.13987,1.13981,1500000,2440000
2016-05-08 22:09:40.376000,1.13992,1.13984,1870000,1000000
2016-05-08 22:09:40.478000,1.13991,1.13986,1100000,2250000
2016-05-08 22:09:40.630000,1.13995,1.13987,1120000,1000000
2016-05-08 22:09:40.681000,1.13992,1.13988,1000000,1500000
2016-05-08 22:09:40.990000,1.13995,1.13988,1570000,1500000
2016-05-08 22:09:41.195000,1.13993,1.13988,1000000,1690000
2016-05-08 22:09:42.065000,1.13995,1.13988,1010000,1690000
2016-05-08 22:09:44.336000,1.13995,1.13989,1000000,1190000
2016-05-08 22:09:44.589000,1.13995,1.13986,1690000,2250000
2016-05-08 22:09:44.791000,1.13993,1.13986,1000000,1500000
2016-05-08 22:09:49.011000,1.13993,1.13985,1500000,1690000
2016-05-08 22:10:02.235000,1.13993,1.13983,2250000,2440000
2016-05-08 22:10:02.779000,1.13993,1.13983,2250000,2440000
2016-05-08 22:10:04.690000,1.13992,1.13983,1000000,1690000
2016-05-08 22:10:09.073000,1.13992,1.13984,1000000,1190000
2016-05-08 22:10:12.232000,1.13991,1.13984,1500000,1690000
2016-05-08 22:10:12.536000,1.13988,1.13982,1500000,1190000
2016-05-08 22:10:12.850000,1.13986,1.13981,1000000,1190000
2016-05-08 22:10:13.360000,1.13986,1.13980,1000000,1690000
2016-05-08 22:10:15.024000,1.13987,1.13980,1000000,1690000
2016-05-08 22:10:15.567000,1.13986,1.13980,1000000,1690000
2016-05-08 22:10:18.439000,1.13987,1.13980,1000000,1690000
2016-05-08 22:10:20.114000,1.13989,1.13980,3000000,1690000
2016-05-08 22:10:20.680000,1.13988,1.13981,1000000,1190000
2016-05-08 22:10:21.211000,1.13987,1.13981,1000000,1190000
2016-05-08 22:10:28.952000,1.13986,1.13981,1000000,1190000
2016-05-08 22:10:33.222000,1.13987,1.13981,1000000,1190000
2016-05-08 22:10:35.253000,1.13987,1.13980,1000000,1690000
2016-05-08 22:10:47.589000,1.13989,1.13980,3000000,1690000
2016-05-08 22:10:49.902000,1.13987,1.13980,1870000,1690000
2016-05-08 22:10:50.205000,1.13983,1.13978,1000000,1190000
2016-05-08 22:10:50.858000,1.13984,1.13978,1000000,1190000
2016-05-08 22:10:51.388000,1.13983,1.13978,1000000,1190000
2016-05-08 22:10:53.467000,1.13984,1.13978,1000000,1190000
2016-05-08 22:10:54.465000,1.13983,1.13978,1000000,1190000
2016-05-08 22:10:55.004000,1.13982,1.13978,1000000,1190000
2016-05-08 22:10:55.562000,1.13983,1.13978,1000000,1190000
2016-05-08 22:10:55.969000,1.13983,1.13976,1000000,1190000
2016-05-08 22:10:56.552000,1.13984,1.13976,1500000,1190000
2016-05-08 22:10:57.106000,1.13983,1.13976,1000000,1190000
2016-05-08 22:11:00.801000,1.13984,1.13977,1000000,1190000
2016-05-08 22:11:19.039000,1.13980,1.13977,1000000,1250000
2016-05-08 22:11:19.550000,1.13981,1.13977,1000000,1250000
2016-05-08 22:11:20.212000,1.13980,1.13977,1000000,1250000
2016-05-08 22:11:20.746000,1.13981,1.13977,1000000,1250000
2016-05-08 22:11:21.313000,1.13980,1.13977,1000000,1250000
2016-05-08 22:11:22.923000,1.13981,1.13977,1000000,1250000
2016-05-08 22:11:34.245000,1.13982,1.13977,3970000,1250000
2016-05-08 22:11:34.846000,1.13981,1.13977,1000000,1250000
2016-05-08 22:11:37.873000,1.13982,1.13977,3220000,1250000
2016-05-08 22:11:38.469000,1.13981,1.13977,1000000,1250000
2016-05-08 22:11:42.102000,1.13980,1.13977,1000000,1250000
2016-05-08 22:11:55,1.13981,1.13977,1000000,1250000
2016-05-08 22:11:55.253000,1.13984,1.13978,1870000,1190000
2016-05-08 22:11:55.475000,1.13983,1.13977,4120000,1250000
2016-05-08 22:12:05.098000,1.13984,1.13977,1500000,1250000
2016-05-08 22:12:08.191000,1.13984,1.13977,2620000,1250000
2016-05-08 22:12:08.698000,1.13981,1.13977,1000000,1250000
2016-05-08 22:12:09.206000,1.13978,1.13973,1000000,2440000
2016-05-08 22:12:09.752000,1.13978,1.13973,1000000,1250000
2016-05-08 22:12:15.613000,1.13979,1.13973,1500000,1250000
2016-05-08 22:12:16.131000,1.13978,1.13973,1000000,1250000
2016-05-08 22:12:16.799000,1.13979,1.13973,1500000,1250000
2016-05-08 22:12:47.668000,1.13978,1.13973,1000000,1250000
2016-05-08 22:12:53.303000,1.13978,1.13972,1000000,1690000
2016-05-08 22:12:54.293000,1.13978,1.13973,1000000,1250000
2016-05-08 22:13:07.815000,1.13979,1.13973,2250000,1250000
2016-05-08 22:13:19.752000,1.13978,1.13973,1000000,1250000
2016-05-08 22:13:21.941000,1.13979,1.13973,3750000,1250000
2016-05-08 22:13:22.583000,1.13978,1.13973,1000000,1250000
2016-05-08 22:13:23.625000,1.13979,1.13973,3750000,1250000
2016-05-08 22:13:24.127000,1.13978,1.13973,1000000,1250000
2016-05-08 22:13:24.629000,1.13978,1.13972,1000000,1250000
2016-05-08 22:13:27.256000,1.13979,1.13972,3750000,1250000
2016-05-08 22:13:27.864000,1.13978,1.13972,1000000,1250000
2016-05-08 22:13:29.321000,1.13979,1.13972,3000000,1250000
2016-05-08 22:13:29.844000,1.13978,1.13972,1000000,1250000
2016-05-08 22:13:30.958000,1.13979,1.13972,3000000,1250000
2016-05-08 22:13:31.496000,1.13978,1.13972,1000000,1250000
2016-05-08 22:13:33.021000,1.13979,1.13972,3000000,1250000
2016-05-08 22:13:33.798000,1.13978,1.13972,1000000,1250000
2016-05-08 22:13:36.942000,1.13979,1.13972,3000000,1250000
2016-05-08 22:13:37.477000,1.13978,1.13972,1000000,1250000
2016-05-08 22:13:38.293000,1.13978,1.13973,1000000,1250000
2016-05-08 22:13:49.448000,1.13979,1.13973,2250000,1250000
2016-05-08 22:14:01.667000,1.13978,1.13973,1000000,1250000
2016-05-08 22:14:02.192000,1.13977,1.13973,1000000,1250000
2016-05-08 22:14:19.995000,1.13978,1.13973,1000000,1250000
2016-05-08 22:14:20.605000,1.13977,1.13973,1000000,1250000
2016-05-08 22:14:21.841000,1.13979,1.13973,3000000,1250000
2016-05-08 22:14:22.366000,1.13974,1.13973,1000000,1250000
2016-05-08 22:14:22.417000,1.13976,1.13969,2020000,4610000
2016-05-08 22:14:22.649000,1.13976,1.13969,2020000,1250000
2016-05-08 22:14:23.156000,1.13976,1.13969,3040000,1690000
2016-05-08 22:14:23.663000,1.13975,1.13969,1120000,1690000
2016-05-08 22:14:28.315000,1.13974,1.13969,1000000,1690000
2016-05-08 22:14:28.558000,1.13974,1.13967,1000000,1250000
2016-05-08 22:14:28.609000,1.13974,1.13969,1000000,1250000
2016-05-08 22:14:28.710000,1.13974,1.13967,1000000,1250000
2016-05-08 22:14:28.812000,1.13974,1.13969,1500000,1250000
2016-05-08 22:14:29.349000,1.13973,1.13967,1500000,1250000
2016-05-08 22:14:33.117000,1.13974,1.13967,3370000,1250000
2016-05-08 22:14:33.669000,1.13974,1.13967,3370000,1250000
2016-05-08 22:14:35.226000,1.13974,1.13967,2250000,1250000
2016-05-08 22:14:46.650000,1.13974,1.13968,1500000,1190000
2016-05-08 22:14:52.485000,1.13973,1.13969,2250000,1000000
2016-05-08 22:14:52.707000,1.13973,1.13967,1500000,1250000
2016-05-08 22:14:55.478000,1.13974,1.13967,1870000,1250000
2016-05-08 22:14:57.138000,1.13974,1.13969,1870000,1250000
2016-05-08 22:14:57.189000,1.13974,1.13967,4120000,1250000
2016-05-08 22:14:57.413000,1.13974,1.13969,3370000,1250000
2016-05-08 22:14:57.516000,1.13974,1.13967,3370000,1250000
2016-05-08 22:14:57.932000,1.13974,1.13969,1120000,1250000
2016-05-08 22:14:58.153000,1.13974,1.13967,3370000,1250000
2016-05-08 22:14:58.417000,1.13974,1.13969,2250000,1250000
2016-05-08 22:14:58.519000,1.13974,1.13967,1000000,1250000
2016-05-08 22:14:59.569000,1.13973,1.13967,1000000,1250000
2016-05-08 22:15:00.284000,1.13974,1.13966,1500000,3190000
2016-05-08 22:15:00.838000,1.13973,1.13966,1500000,1690000
2016-05-08 22:15:01.340000,1.13974,1.13966,2620000,3190000
2016-05-08 22:15:09.597000,1.13973,1.13966,1000000,1690000
2016-05-08 22:15:10.247000,1.13972,1.13966,1500000,1690000
2016-05-08 22:15:12.719000,1.13972,1.13966,2470000,1690000
2016-05-08 22:15:12.821000,1.13970,1.13964,1500000,2440000
2016-05-08 22:15:13.361000,1.13970,1.13965,1500000,1190000
2016-05-08 22:15:18.959000,1.13970,1.13964,1500000,1690000
2016-05-08 22:15:22.929000,1.13969,1.13964,1500000,1000000
2016-05-08 22:15:23.131000,1.13968,1.13961,1000000,1690000
2016-05-08 22:15:23.232000,1.13968,1.13963,1000000,1190000
2016-05-08 22:15:25.684000,1.13970,1.13963,1870000,1190000
2016-05-08 22:15:35.662000,1.13969,1.13963,1000000,1190000
2016-05-08 22:15:35.713000,1.13969,1.13962,1500000,1250000
2016-05-08 22:15:36.219000,1.13968,1.13964,1120000,1190000
2016-05-08 22:15:36.371000,1.13972,1.13964,3750000,1190000
2016-05-08 22:15:36.472000,1.13968,1.13964,1500000,1190000
2016-05-08 22:15:36.574000,1.13969,1.13963,1000000,1250000
2016-05-08 22:15:37.079000,1.13971,1.13963,1000000,1190000
2016-05-08 22:15:37.130000,1.13972,1.13965,2250000,1190000
2016-05-08 22:15:37.284000,1.13974,1.13965,4500000,1190000
2016-05-08 22:15:37.815000,1.13973,1.13965,1000000,1190000
2016-05-08 22:15:38.021000,1.13973,1.13964,1000000,1690000
2016-05-08 22:15:38.566000,1.13974,1.13965,5250000,1560000
2016-05-08 22:15:38.869000,1.13974,1.13968,3000000,1190000
2016-05-08 22:15:52.843000,1.13974,1.13966,3000000,4800000
2016-05-08 22:15:53.096000,1.13974,1.13964,3750000,1250000
2016-05-08 22:15:53.636000,1.13973,1.13964,1000000,1250000
2016-05-08 22:15:59.763000,1.13973,1.13969,1000000,1190000
2016-05-08 22:16:37.607000,1.13975,1.13969,1000000,2440000
2016-05-08 22:16:37.708000,1.13975,1.13971,1000000,1690000
2016-05-08 22:16:39.977000,1.13977,1.13971,1000000,1690000
2016-05-08 22:16:40.280000,1.13978,1.13975,1000000,1190000
2016-05-08 22:16:40.845000,1.13979,1.13974,1000000,3190000
2016-05-08 22:16:50.812000,1.13980,1.13975,1000000,1690000
2016-05-08 22:16:58.381000,1.13980,1.13975,1000000,2440000
2016-05-08 22:17:02.288000,1.13981,1.13975,1000000,2440000
2016-05-08 22:17:08.392000,1.13981,1.13976,1000000,1190000
2016-05-08 22:17:08.494000,1.13983,1.13976,2250000,1190000
2016-05-08 22:17:08.546000,1.13983,1.13978,1500000,1190000
2016-05-08 22:17:09.062000,1.13983,1.13977,1000000,1690000
2016-05-08 22:17:14.820000,1.13982,1.13977,1000000,1690000
2016-05-08 22:17:21.007000,1.13983,1.13977,1000000,1690000
2016-05-08 22:17:42.951000,1.13982,1.13977,1000000,1690000
2016-05-08 22:17:49.133000,1.13983,1.13977,1000000,1190000
2016-05-08 22:17:49.452000,1.13983,1.13979,1000000,1690000
2016-05-08 22:17:51.405000,1.13983,1.13978,1000000,1000000
2016-05-08 22:17:51.928000,1.13983,1.13976,1000000,1190000
2016-05-08 22:17:54.604000,1.13982,1.13976,1000000,1190000
2016-05-08 22:17:55.114000,1.13983,1.13976,1000000,1190000
2016-05-08 22:18:08.015000,1.13982,1.13976,1000000,2440000
2016-05-08 22:18:08.569000,1.13983,1.13976,1000000,2440000
2016-05-08 22:18:13.535000,1.13982,1.13977,1000000,1690000
2016-05-08 22:18:25.135000,1.13983,1.13977,1000000,1690000
2016-05-08 22:18:30.610000,1.13982,1.13976,1000000,1190000
2016-05-08 22:18:38.371000,1.13982,1.13975,1000000,2440000
2016-05-08 22:18:38.619000,1.13983,1.13979,1000000,1190000
2016-05-08 22:18:40.500000,1.13983,1.13977,1000000,1690000
2016-05-08 22:18:43.825000,1.13984,1.13977,1250000,1690000
2016-05-08 22:18:46.429000,1.13982,1.13977,1250000,1500000
2016-05-08 22:18:50.538000,1.13982,1.13976,1250000,2400000
2016-05-08 22:19:05.472000,1.13982,1.13977,1250000,1500000
2016-05-08 22:19:07.867000,1.13981,1.13977,1000000,1500000
2016-05-08 22:19:08.121000,1.13977,1.13971,1000000,1000000
2016-05-08 22:19:21.011000,1.13976,1.13971,1000000,1000000
2016-05-08 22:19:21.916000,1.13973,1.13971,1000000,1000000
2016-05-08 22:19:21.978000,1.13972,1.13967,1000000,1000000
2016-05-08 22:19:22.029000,1.13971,1.13965,1000000,1000000
2016-05-08 22:19:22.316000,1.13969,1.13963,1190000,1000000
2016-05-08 22:19:32.536000,1.13968,1.13963,1690000,1000000
2016-05-08 22:19:35.364000,1.13968,1.13963,2440000,1370000
2016-05-08 22:19:35.516000,1.13969,1.13966,1000000,1500000
2016-05-08 22:19:35.719000,1.13968,1.13963,1500000,1000000
2016-05-08 22:19:38.974000,1.13968,1.13962,1500000,1500000
2016-05-08 22:19:39.188000,1.13965,1.13962,1500000,1000000
2016-05-08 22:19:39.239000,1.13964,1.13960,1000000,1000000
2016-05-08 22:19:39.290000,1.13962,1.13959,1000000,1000000
2016-05-08 22:19:39.797000,1.13962,1.13958,1000000,1000000
2016-05-08 22:19:39.849000,1.13964,1.13958,2250000,1000000
2016-05-08 22:19:42.226000,1.13964,1.13961,1500000,1000000
2016-05-08 22:19:42.752000,1.13965,1.13960,1250000,2850000
2016-05-08 22:19:43.916000,1.13965,1.13962,1250000,1000000
2016-05-08 22:19:55.311000,1.13968,1.13962,2440000,1500000
2016-05-08 22:19:55.826000,1.13967,1.13961,1500000,2100000
2016-05-08 22:19:56.379000,1.13968,1.13962,2440000,4500000
2016-05-08 22:19:56.899000,1.13967,1.13961,1500000,3600000
2016-05-08 22:19:57.433000,1.13968,1.13962,2440000,1000000
2016-05-08 22:19:57.947000,1.13968,1.13961,2440000,4500000
2016-05-08 22:19:58.488000,1.13968,1.13962,2440000,1000000
2016-05-08 22:20:06.774000,1.13966,1.13962,1000000,1500000
2016-05-08 22:20:07.078000,1.13964,1.13960,1500000,1000000
2016-05-08 22:20:07.942000,1.13965,1.13960,2440000,1000000
2016-05-08 22:20:08.312000,1.13965,1.13961,1690000,1350000
2016-05-08 22:20:08.621000,1.13967,1.13962,1250000,1420000
2016-05-08 22:20:23.186000,1.13966,1.13962,1000000,3670000
2016-05-08 22:20:23.237000,1.13964,1.13962,1000000,2250000
2016-05-08 22:20:23.339000,1.13965,1.13960,1500000,1500000
2016-05-08 22:20:23.592000,1.13963,1.13959,1250000,1000000
2016-05-08 22:20:24.101000,1.13963,1.13958,1250000,3000000
2016-05-08 22:20:24.607000,1.13963,1.13959,1250000,1000000
2016-05-08 22:20:25.527000,1.13965,1.13960,1690000,1000000
2016-05-08 22:20:25.729000,1.13965,1.13958,1500000,1500000
2016-05-08 22:20:26.330000,1.13963,1.13958,1190000,1500000
2016-05-08 22:20:31.868000,1.13963,1.13959,1190000,1000000
2016-05-08 22:20:32.401000,1.13963,1.13958,1190000,1500000
2016-05-08 22:20:38.737000,1.13963,1.13958,2440000,1000000
2016-05-08 22:20:38.940000,1.13960,1.13954,1000000,1000000
2016-05-08 22:20:39.021000,1.13960,1.13954,1500000,1150000
2016-05-08 22:20:39.529000,1.13960,1.13955,1500000,1000000
2016-05-08 22:20:39.580000,1.13960,1.13953,1500000,1000000
2016-05-08 22:20:40.090000,1.13960,1.13954,1690000,1000000
2016-05-08 22:20:40.292000,1.13960,1.13952,1690000,1000000
2016-05-08 22:20:40.835000,1.13960,1.13953,2440000,1000000
2016-05-08 22:20:41.493000,1.13960,1.13952,3190000,1000000
2016-05-08 22:20:42.235000,1.13958,1.13952,1000000,1000000
2016-05-08 22:20:42.539000,1.13955,1.13951,1690000,1000000
2016-05-08 22:20:42.640000,1.13953,1.13948,1000000,1500000
2016-05-08 22:20:43.144000,1.13953,1.13947,1500000,1000000
2016-05-08 22:20:45.931000,1.13953,1.13948,1500000,1000000
2016-05-08 22:20:46.760000,1.13953,1.13947,1500000,1000000
2016-05-08 22:20:49.637000,1.13953,1.13948,1500000,1000000
2016-05-08 22:20:50.141000,1.13953,1.13946,1500000,5100000
2016-05-08 22:20:50.646000,1.13953,1.13947,1500000,1000000
2016-05-08 22:20:51.449000,1.13953,1.13946,1500000,4200000
2016-05-08 22:20:52.873000,1.13953,1.13947,1500000,1000000
2016-05-08 22:20:58.459000,1.13953,1.13948,1500000,1000000
2016-05-08 22:21:02.586000,1.13953,1.13947,1500000,1000000
2016-05-08 22:21:03.150000,1.13953,1.13948,1500000,1000000
2016-05-08 22:21:10.196000,1.13953,1.13946,3190000,4200000
2016-05-08 22:21:10.706000,1.13953,1.13947,3190000,1000000
2016-05-08 22:21:12.501000,1.13953,1.13946,3190000,4200000
2016-05-08 22:21:13.014000,1.13953,1.13947,2440000,1000000
2016-05-08 22:21:13.539000,1.13953,1.13946,2440000,2100000
2016-05-08 22:21:14.087000,1.13953,1.13947,2440000,1000000
2016-05-08 22:21:14.616000,1.13953,1.13946,2440000,4200000
2016-05-08 22:21:17.023000,1.13951,1.13946,1000000,1000000
2016-05-08 22:21:17.125000,1.13953,1.13946,3190000,1000000
2016-05-08 22:21:17.711000,1.13952,1.13946,2250000,1000000
2016-05-08 22:21:18.227000,1.13953,1.13946,2440000,1000000
2016-05-08 22:21:18.744000,1.13952,1.13946,1500000,1000000
2016-05-08 22:21:19.788000,1.13952,1.13949,1000000,1000000
2016-05-08 22:21:19.839000,1.13954,1.13949,1690000,1000000
2016-05-08 22:21:20.092000,1.13955,1.13947,1190000,7500000
2016-05-08 22:21:20.617000,1.13955,1.13948,1250000,5250000
2016-05-08 22:21:21.776000,1.13955,1.13947,1250000,3750000
2016-05-08 22:21:22.315000,1.13955,1.13948,1250000,1000000
2016-05-08 22:21:22.840000,1.13955,1.13947,1250000,4500000
2016-05-08 22:21:24.109000,1.13955,1.13948,1250000,1000000
2016-05-08 22:21:24.824000,1.13955,1.13947,1250000,7500000
2016-05-08 22:21:25.327000,1.13955,1.13948,1250000,1000000
2016-05-08 22:21:25.844000,1.13955,1.13947,1250000,7500000
2016-05-08 22:21:26.383000,1.13955,1.13948,1250000,1000000
2016-05-08 22:21:28.450000,1.13955,1.13947,1250000,4500000
2016-05-08 22:21:30.325000,1.13955,1.13948,1250000,1000000
2016-05-08 22:21:30.668000,1.13953,1.13947,1190000,5250000
2016-05-08 22:21:30.820000,1.13952,1.13945,2440000,1000000
2016-05-08 22:21:37.358000,1.13952,1.13946,1690000,1000000
2016-05-08 22:21:40.879000,1.13952,1.13945,2440000,1500000
2016-05-08 22:21:45.047000,1.13952,1.13946,2440000,1000000
2016-05-08 22:21:50.662000,1.13952,1.13945,1690000,1500000
2016-05-08 22:21:51.195000,1.13952,1.13946,1690000,1000000
2016-05-08 22:21:53.355000,1.13952,1.13947,1000000,1000000
2016-05-08 22:21:53.760000,1.13954,1.13949,1190000,1000000
2016-05-08 22:21:54.408000,1.13954,1.13948,1190000,2250000
2016-05-08 22:21:54.999000,1.13954,1.13949,1190000,1000000
2016-05-08 22:21:58.723000,1.13954,1.13948,1190000,6750000
2016-05-08 22:21:59.041000,1.13957,1.13949,1690000,1000000
2016-05-08 22:21:59.105000,1.13957,1.13951,1690000,1000000
2016-05-08 22:21:59.257000,1.13959,1.13951,1190000,1000000
2016-05-08 22:22:12.385000,1.13959,1.13952,2440000,1000000
2016-05-08 22:22:12.922000,1.13959,1.13951,2440000,1000000
2016-05-08 22:22:13.175000,1.13958,1.13949,3190000,3750000
2016-05-08 22:22:14.231000,1.13958,1.13950,1250000,1000000
2016-05-08 22:22:14.332000,1.13957,1.13949,1190000,3000000
2016-05-08 22:22:14.671000,1.13958,1.13951,1690000,1000000
2016-05-08 22:22:17.323000,1.13958,1.13949,1690000,6000000
2016-05-08 22:22:19.288000,1.13958,1.13950,1690000,1870000
2016-05-08 22:22:19.621000,1.13959,1.13953,1190000,2250000
2016-05-08 22:22:26.229000,1.13960,1.13954,1190000,1000000
2016-05-08 22:22:26.482000,1.13967,1.13959,1690000,4120000
2016-05-08 22:22:27.021000,1.13965,1.13960,1250000,1000000
2016-05-08 22:22:27.123000,1.13968,1.13960,2440000,1000000
2016-05-08 22:22:27.999000,1.13968,1.13961,1250000,1350000
2016-05-08 22:22:28.514000,1.13968,1.13962,1250000,4500000
2016-05-08 22:22:29.218000,1.13969,1.13961,1190000,3600000
2016-05-08 22:22:29.759000,1.13969,1.13962,1190000,1000000
2016-05-08 22:22:32.047000,1.13969,1.13961,1190000,3600000
2016-05-08 22:22:32.558000,1.13969,1.13962,1190000,1000000
2016-05-08 22:22:33.809000,1.13968,1.13962,1190000,3000000
2016-05-08 22:22:34.011000,1.13968,1.13960,1190000,3750000
2016-05-08 22:22:35.116000,1.13968,1.13960,1190000,1150000
2016-05-08 22:22:35.773000,1.13969,1.13961,1190000,4350000
2016-05-08 22:22:36.326000,1.13969,1.13962,1190000,4500000
2016-05-08 22:22:36.838000,1.13969,1.13963,1190000,6000000
2016-05-08 22:22:45.691000,1.13969,1.13964,1190000,1000000
2016-05-08 22:22:45.792000,1.13972,1.13964,1250000,6000000
2016-05-08 22:22:45.844000,1.13973,1.13965,1190000,2100000
2016-05-08 22:22:49.199000,1.13972,1.13966,1190000,3000000
2016-05-08 22:22:49.251000,1.13972,1.13964,1190000,1500000
2016-05-08 22:22:50.165000,1.13972,1.13963,1190000,3000000
2016-05-08 22:22:52.328000,1.13972,1.13964,2440000,1000000
2016-05-08 22:22:52.857000,1.13971,1.13964,1190000,4500000
2016-05-08 22:22:56.920000,1.13971,1.13963,1190000,2250000
2016-05-08 22:22:57.487000,1.13971,1.13964,1190000,1500000
2016-05-08 22:23:15.705000,1.13971,1.13963,1190000,3000000
2016-05-08 22:23:16.303000,1.13971,1.13964,1190000,6750000
2016-05-08 22:23:16.822000,1.13971,1.13965,1190000,1000000
2016-05-08 22:23:17.985000,1.13971,1.13964,1190000,1000000
2016-05-08 22:23:18.495000,1.13971,1.13965,1190000,1000000
2016-05-08 22:23:21.905000,1.13971,1.13964,1190000,6750000
2016-05-08 22:23:22.442000,1.13971,1.13965,1190000,1000000
2016-05-08 22:23:24.658000,1.13971,1.13964,1190000,1500000
2016-05-08 22:23:25.176000,1.13971,1.13965,1190000,1000000
2016-05-08 22:23:27.329000,1.13971,1.13964,1190000,2250000
2016-05-08 22:23:30.032000,1.13971,1.13965,1190000,1000000
2016-05-08 22:23:30.990000,1.13971,1.13964,1190000,2250000
2016-05-08 22:23:33.602000,1.13971,1.13965,1190000,1000000
2016-05-08 22:23:40.637000,1.13971,1.13964,1190000,2250000
2016-05-08 22:23:41.252000,1.13971,1.13965,1190000,1000000
2016-05-08 22:23:50.716000,1.13971,1.13964,1190000,2250000
2016-05-08 22:23:53.947000,1.13971,1.13965,1190000,1000000
2016-05-08 22:23:55.339000,1.13971,1.13964,1190000,1000000
2016-05-08 22:23:58.661000,1.13971,1.13965,1190000,1000000
2016-05-08 22:23:59.191000,1.13971,1.13964,1190000,2250000
2016-05-08 22:24:00.294000,1.13973,1.13965,1690000,1000000
2016-05-08 22:24:00.845000,1.13973,1.13966,1190000,4200000
2016-05-08 22:24:04.910000,1.13973,1.13967,1190000,1000000
2016-05-08 22:24:09.923000,1.13973,1.13966,1190000,5250000
2016-05-08 22:24:15.123000,1.13973,1.13966,1250000,4500000
2016-05-08 22:24:16.738000,1.13973,1.13967,1250000,1000000
2016-05-08 22:24:17.241000,1.13973,1.13966,1250000,4500000
2016-05-08 22:24:17.844000,1.13973,1.13967,1250000,1000000
2016-05-08 22:24:23.381000,1.13974,1.13967,1250000,1000000
2016-05-08 22:24:46.387000,1.13977,1.13967,2440000,3940000
2016-05-08 22:24:48.974000,1.13977,1.13968,1250000,1000000
2016-05-08 22:25:08.951000,1.13979,1.13967,3190000,3940000
2016-05-08 22:25:20.433000,1.13979,1.13968,3940000,1000000
2016-05-08 22:25:24.313000,1.13979,1.13968,3940000,1000000
2016-05-08 22:25:24.829000,1.13978,1.13967,1250000,3000000
2016-05-08 22:25:28.930000,1.13978,1.13968,2440000,1000000
2016-05-08 22:25:38.464000,1.13978,1.13968,3190000,1500000
2016-05-08 22:26:08.192000,1.13978,1.13969,1690000,1000000
2016-05-08 22:26:08.243000,1.13978,1.13971,1690000,1120000
2016-05-08 22:26:08.345000,1.13979,1.13971,1500000,2810000
2016-05-08 22:26:08.453000,1.13982,1.13972,3190000,2250000
2016-05-08 22:26:20.815000,1.13981,1.13974,1250000,1000000
2016-05-08 22:26:40.075000,1.13982,1.13976,1690000,1200000
2016-05-08 22:26:40.328000,1.13984,1.13976,1190000,2100000
2016-05-08 22:26:40.670000,1.13983,1.13975,1190000,1000000
2016-05-08 22:26:40.982000,1.13983,1.13975,1250000,1000000
2016-05-08 22:26:41.312000,1.13983,1.13975,1190000,1000000
2016-05-08 22:26:41.862000,1.13983,1.13975,1250000,1000000
2016-05-08 22:26:42.192000,1.13983,1.13975,1190000,1000000
2016-05-08 22:26:52.673000,1.13980,1.13975,1000000,1000000
2016-05-08 22:26:52.876000,1.13980,1.13971,1190000,1500000
2016-05-08 22:27:08.989000,1.13980,1.13970,1690000,2530000
2016-05-08 22:27:12.091000,1.13980,1.13971,1690000,1000000
2016-05-08 22:27:12.142000,1.13980,1.13973,1190000,1000000
2016-05-08 22:27:29.045000,1.13980,1.13971,1690000,1500000
2016-05-08 22:27:49.047000,1.13980,1.13972,1690000,1000000
2016-05-08 22:27:54.352000,1.13980,1.13972,1690000,1000000
2016-05-08 22:27:58.142000,1.13980,1.13973,1690000,1000000
2016-05-08 22:27:58.193000,1.13980,1.13977,1190000,1000000
2016-05-08 22:27:58.295000,1.13984,1.13976,1500000,1570000
2016-05-08 22:27:58.346000,1.13984,1.13976,1000000,1000000
2016-05-08 22:27:58.397000,1.13984,1.13978,1000000,1500000
2016-05-08 22:27:58.500000,1.13983,1.13976,1250000,2250000
2016-05-08 22:28:01.717000,1.13982,1.13976,1000000,2250000
2016-05-08 22:28:02.396000,1.13983,1.13976,1250000,1500000
2016-05-08 22:28:07.676000,1.13983,1.13976,1190000,1500000
2016-05-08 22:28:09.023000,1.13983,1.13975,1190000,1500000
2016-05-08 22:28:29.026000,1.13983,1.13974,1190000,1870000
2016-05-08 22:28:53.344000,1.13982,1.13974,1250000,1870000
2016-05-08 22:28:54.339000,1.13982,1.13974,1190000,1870000
2016-05-08 22:29:08.706000,1.13979,1.13972,1000000,1870000
2016-05-08 22:29:08.757000,1.13979,1.13972,1000000,1500000
2016-05-08 22:29:09.293000,1.13978,1.13972,1000000,1500000
2016-05-08 22:29:09.781000,1.13977,1.13970,1000000,1780000
2016-05-08 22:29:10.372000,1.13978,1.13970,1690000,1780000
2016-05-08 22:29:11.416000,1.13977,1.13970,1000000,1780000
2016-05-08 22:29:14.165000,1.13975,1.13970,1120000,1780000
2016-05-08 22:29:14.470000,1.13972,1.13967,1000000,1000000
2016-05-08 22:29:15.455000,1.13972,1.13967,1190000,1000000
2016-05-08 22:29:15.708000,1.13972,1.13964,1190000,1120000
2016-05-08 22:29:17.009000,1.13973,1.13964,1000000,1310000
2016-05-08 22:29:17.096000,1.13974,1.13967,1690000,1000000
2016-05-08 22:29:35.568000,1.13973,1.13967,1000000,1000000
2016-05-08 22:29:42.306000,1.13973,1.13967,1190000,1000000
2016-05-08 22:29:47.640000,1.13973,1.13965,1190000,2620000
2016-05-08 22:29:48.180000,1.13973,1.13966,1190000,1000000
2016-05-08 22:30:00.172000,1.13971,1.13966,1000000,1000000
2016-05-08 22:30:02.398000,1.13973,1.13966,1190000,1000000
2016-05-08 22:30:08.363000,1.13974,1.13966,3560000,1000000
2016-05-08 22:30:40.811000,1.13972,1.13966,1190000,1000000
2016-05-08 22:30:41.014000,1.13969,1.13961,2250000,1840000
2016-05-08 22:30:41.544000,1.13969,1.13961,1500000,3040000
2016-05-08 22:30:42.045000,1.13969,1.13961,1500000,3040000
2016-05-08 22:30:47.647000,1.13969,1.13961,1500000,2210000
2016-05-08 22:30:49.049000,1.13970,1.13961,1500000,1840000
2016-05-08 22:30:58.863000,1.13972,1.13962,2060000,1870000
2016-05-08 22:30:58.965000,1.13972,1.13966,1500000,1000000
2016-05-08 22:30:59.480000,1.13972,1.13966,1690000,1000000
2016-05-08 22:31:09.933000,1.13973,1.13965,2140000,1000000
2016-05-08 22:31:53.389000,1.13972,1.13965,1690000,1000000
2016-05-08 22:31:54.366000,1.13972,1.13965,1690000,1000000
2016-05-08 22:32:23.786000,1.13972,1.13962,2810000,1870000
2016-05-08 22:32:36.502000,1.13972,1.13962,2810000,3000000
2016-05-08 22:32:37.512000,1.13972,1.13962,2810000,1870000
2016-05-08 22:32:46.957000,1.13969,1.13963,1500000,1120000
2016-05-08 22:32:47.160000,1.13968,1.13961,2250000,1250000
2016-05-08 22:32:47.693000,1.13968,1.13961,2250000,1310000
2016-05-08 22:32:49.184000,1.13967,1.13961,1000000,1190000
2016-05-08 22:32:50.524000,1.13967,1.13959,1250000,2060000
2016-05-08 22:32:56.281000,1.13966,1.13959,1000000,2060000
2016-05-08 22:33:02.439000,1.13965,1.13959,1000000,1120000
2016-05-08 22:33:03.304000,1.13966,1.13959,1120000,1120000
2016-05-08 22:33:22.336000,1.13965,1.13959,1000000,1120000
2016-05-08 22:33:23.341000,1.13966,1.13959,1120000,1120000
2016-05-08 22:33:25.385000,1.13967,1.13959,2810000,1120000
2016-05-08 22:33:28.363000,1.13966,1.13959,1000000,1120000
2016-05-08 22:33:30.386000,1.13967,1.13959,2810000,1870000
2016-05-08 22:33:34.221000,1.13965,1.13959,1370000,1500000
2016-05-08 22:33:40.243000,1.13965,1.13959,1120000,1000000
2016-05-08 22:33:43.243000,1.13966,1.13959,1370000,1000000
2016-05-08 22:33:44.205000,1.13967,1.13959,2810000,1000000
2016-05-08 22:33:47.164000,1.13966,1.13958,1120000,1120000
2016-05-08 22:33:50.756000,1.13966,1.13959,1120000,1000000
2016-05-08 22:33:54.265000,1.13966,1.13958,1120000,1870000
2016-05-08 22:34:00.713000,1.13967,1.13959,2060000,1000000
2016-05-08 22:34:01.748000,1.13967,1.13959,1870000,1870000
2016-05-08 22:34:03.335000,1.13967,1.13959,1870000,1000000
2016-05-08 22:34:08.378000,1.13967,1.13958,2250000,2250000
2016-05-08 22:34:08.915000,1.13967,1.13959,2250000,1000000
2016-05-08 22:34:22.356000,1.13966,1.13959,1000000,1120000
2016-05-08 22:34:22.921000,1.13966,1.13958,1000000,2060000
2016-05-08 22:34:23.443000,1.13966,1.13959,1120000,1000000
2016-05-08 22:34:25.366000,1.13967,1.13958,1870000,1690000
2016-05-08 22:34:25.870000,1.13967,1.13959,1870000,1000000
2016-05-08 22:34:26.841000,1.13967,1.13958,1870000,1690000
2016-05-08 22:34:28.372000,1.13967,1.13959,2620000,1000000
2016-05-08 22:34:29.558000,1.13967,1.13958,1870000,2060000
2016-05-08 22:34:30.463000,1.13967,1.13959,1870000,1000000
2016-05-08 22:34:31.007000,1.13967,1.13958,1870000,2060000
2016-05-08 22:34:46.416000,1.13966,1.13958,1120000,1690000
2016-05-08 22:34:50.552000,1.13966,1.13961,1120000,1000000
2016-05-08 22:34:51.097000,1.13969,1.13961,3520000,1190000
2016-05-08 22:34:51.640000,1.13968,1.13961,2620000,1190000
2016-05-08 22:34:55.614000,1.13968,1.13961,2620000,1190000
2016-05-08 22:35:01.961000,1.13968,1.13960,2620000,1310000
2016-05-08 22:35:02.671000,1.13966,1.13960,1000000,1310000
2016-05-08 22:35:10.083000,1.13965,1.13960,1000000,1340000
2016-05-08 22:35:10.134000,1.13964,1.13958,1000000,1560000
2016-05-08 22:35:10.185000,1.13964,1.13957,1800000,3940000
2016-05-08 22:35:10.286000,1.13964,1.13957,1000000,2440000
2016-05-08 22:35:20.338000,1.13962,1.13958,1000000,1000000
2016-05-08 22:35:20.541000,1.13962,1.13955,1120000,1000000
2016-05-08 22:35:21.060000,1.13962,1.13954,4120000,1310000
2016-05-08 22:35:21.570000,1.13962,1.13954,4120000,1310000
2016-05-08 22:35:22.607000,1.13962,1.13954,4120000,1310000
2016-05-08 22:35:24.375000,1.13962,1.13954,4120000,1310000
2016-05-08 22:35:29.414000,1.13962,1.13953,5470000,2440000
2016-05-08 22:35:29.960000,1.13960,1.13953,1000000,1690000
2016-05-08 22:35:30.264000,1.13962,1.13955,1000000,1000000
2016-05-08 22:35:30.620000,1.13960,1.13953,1000000,1190000
2016-05-08 22:35:31.232000,1.13961,1.13953,1000000,1690000
2016-05-08 22:35:31.771000,1.13960,1.13953,1000000,1690000
2016-05-08 22:35:32.321000,1.13959,1.13953,1000000,1190000
2016-05-08 22:35:32.843000,1.13960,1.13953,1120000,1190000
2016-05-08 22:35:33.346000,1.13961,1.13953,1310000,1190000
2016-05-08 22:35:33.896000,1.13960,1.13953,1120000,1190000
2016-05-08 22:35:36.906000,1.13959,1.13952,1000000,6190000
2016-05-08 22:35:49.964000,1.13960,1.13953,1000000,1190000
2016-05-08 22:35:50.673000,1.13961,1.13953,1310000,1190000
2016-05-08 22:35:51.196000,1.13960,1.13953,1000000,1190000
2016-05-08 22:35:51.994000,1.13960,1.13955,1000000,1000000
2016-05-08 22:35:52.541000,1.13961,1.13953,1310000,5440000
2016-05-08 22:35:58.448000,1.13960,1.13954,1000000,1250000
2016-05-08 22:35:59.844000,1.13961,1.13953,1310000,3190000
2016-05-08 22:36:00.345000,1.13960,1.13953,1000000,3190000
2016-05-08 22:36:00.947000,1.13961,1.13953,1310000,3190000
2016-05-08 22:36:01.448000,1.13960,1.13953,1000000,3190000
2016-05-08 22:36:06.999000,1.13958,1.13952,1000000,2810000
2016-05-08 22:36:07.133000,1.13959,1.13952,1250000,1690000
2016-05-08 22:36:07.913000,1.13959,1.13952,1620000,1690000
2016-05-08 22:36:08.946000,1.13959,1.13952,2060000,1250000
2016-05-08 22:36:12.790000,1.13957,1.13950,1870000,2440000
2016-05-08 22:36:13.343000,1.13956,1.13950,1000000,2440000
2016-05-08 22:36:15.280000,1.13957,1.13950,1000000,2440000
2016-05-08 22:36:15.823000,1.13956,1.13950,1000000,2440000
2016-05-08 22:36:16.324000,1.13957,1.13951,1120000,1190000
2016-05-08 22:36:39.263000,1.13958,1.13952,1120000,1000000
2016-05-08 22:37:02.433000,1.13959,1.13952,1370000,1000000
2016-05-08 22:37:10.560000,1.13956,1.13951,1250000,3000000
2016-05-08 22:37:10.712000,1.13957,1.13949,4310000,1250000
2016-05-08 22:37:10.914000,1.13956,1.13951,2440000,1000000
2016-05-08 22:37:12.762000,1.13957,1.13950,1000000,1190000
2016-05-08 22:37:15.728000,1.13957,1.13950,1370000,1190000
2016-05-08 22:37:16.763000,1.13957,1.13950,1120000,1190000
2016-05-08 22:37:31.548000,1.13959,1.13951,6560000,2810000
2016-05-08 22:37:39.970000,1.13958,1.13951,1620000,1250000
2016-05-08 22:37:40.172000,1.13956,1.13949,1910000,2060000
2016-05-08 22:37:40.708000,1.13955,1.13949,1120000,1250000
2016-05-08 22:37:43.402000,1.13955,1.13947,1370000,1690000
2016-05-08 22:37:44.453000,1.13954,1.13947,1370000,1690000
2016-05-08 22:37:48.588000,1.13954,1.13948,1370000,1190000
2016-05-08 22:37:52.990000,1.13954,1.13948,1370000,1190000
2016-05-08 22:38:00.017000,1.13954,1.13947,3370000,1190000
2016-05-08 22:38:01.988000,1.13954,1.13947,3370000,1190000
2016-05-08 22:38:02.983000,1.13954,1.13947,3370000,1190000
2016-05-08 22:38:08.705000,1.13954,1.13947,2250000,1190000
2016-05-08 22:38:23.802000,1.13954,1.13947,1370000,1690000
2016-05-08 22:38:24.533000,1.13954,1.13947,1000000,1690000
2016-05-08 22:38:25.074000,1.13955,1.13947,2620000,2440000
2016-05-08 22:38:33.033000,1.13955,1.13947,1370000,3190000
2016-05-08 22:38:35.051000,1.13955,1.13947,1120000,3940000
2016-05-08 22:38:43.394000,1.13956,1.13947,1910000,3190000
2016-05-08 22:38:53.858000,1.13956,1.13947,2510000,1690000
2016-05-08 22:39:02.908000,1.13956,1.13948,2210000,1310000
2016-05-08 22:39:03.872000,1.13956,1.13948,2210000,1310000
2016-05-08 22:39:11.467000,1.13956,1.13948,2210000,1560000
2016-05-08 22:39:11.975000,1.13958,1.13949,3190000,1310000
2016-05-08 22:39:12.026000,1.13957,1.13948,2060000,3560000
2016-05-08 22:39:12.507000,1.13957,1.13951,2060000,1000000
2016-05-08 22:39:12.810000,1.13958,1.13953,2060000,1000000
2016-05-08 22:39:12.963000,1.13961,1.13955,1310000,1500000
2016-05-08 22:39:15.221000,1.13961,1.13955,1120000,1190000
2016-05-08 22:39:15.732000,1.13960,1.13955,1000000,1190000
2016-05-08 22:39:27.547000,1.13961,1.13955,1120000,1190000
2016-05-08 22:39:29.644000,1.13961,1.13957,1120000,1000000
2016-05-08 22:39:30.187000,1.13961,1.13956,1120000,1250000
2016-05-08 22:39:31.505000,1.13961,1.13957,1120000,1000000
2016-05-08 22:39:32.907000,1.13961,1.13956,1000000,1250000
2016-05-08 22:39:33.740000,1.13961,1.13956,1370000,1250000
2016-05-08 22:39:35.818000,1.13961,1.13956,2850000,1250000
2016-05-08 22:39:40.627000,1.13959,1.13954,1310000,1000000
2016-05-08 22:39:41.669000,1.13959,1.13954,3560000,1000000
2016-05-08 22:39:45.664000,1.13959,1.13954,4310000,1000000
2016-05-08 22:39:50.617000,1.13959,1.13952,4690000,1250000
2016-05-08 22:39:51.634000,1.13959,1.13952,4310000,1250000
2016-05-08 22:40:07.753000,1.13958,1.13951,1370000,1190000
2016-05-08 22:40:12.785000,1.13958,1.13951,2620000,1190000
2016-05-08 22:40:13.767000,1.13958,1.13951,2620000,1190000
2016-05-08 22:40:17.797000,1.13958,1.13951,2620000,1190000
2016-05-08 22:40:30.843000,1.13958,1.13951,1870000,1190000
2016-05-08 22:40:35.825000,1.13958,1.13951,2620000,1190000
2016-05-08 22:40:52.969000,1.13958,1.13951,3000000,1190000
2016-05-08 22:40:57.980000,1.13956,1.13951,1000000,1190000
2016-05-08 22:41:03.769000,1.13955,1.13950,1870000,1190000
2016-05-08 22:41:03.820000,1.13955,1.13949,2810000,1000000
2016-05-08 22:41:04.033000,1.13954,1.13949,1370000,1000000
2016-05-08 22:41:06.121000,1.13953,1.13947,1120000,1310000
2016-05-08 22:41:06.673000,1.13953,1.13946,2250000,1190000
2016-05-08 22:41:11.948000,1.13952,1.13946,1250000,1000000
2016-05-08 22:41:16.014000,1.13952,1.13947,1250000,1000000
2016-05-08 22:41:16.524000,1.13953,1.13946,3560000,1000000
2016-05-08 22:41:36.069000,1.13953,1.13945,2810000,1250000
2016-05-08 22:41:42.346000,1.13953,1.13946,2060000,1000000
2016-05-08 22:42:01.564000,1.13953,1.13945,2440000,1250000
2016-05-08 22:42:02.583000,1.13951,1.13945,1000000,1250000
2016-05-08 22:42:06.641000,1.13951,1.13947,1000000,1000000
2016-05-08 22:42:07.144000,1.13952,1.13947,1120000,1250000
2016-05-08 22:42:11.007000,1.13951,1.13947,1000000,1250000
2016-05-08 22:42:11.690000,1.13952,1.13947,1120000,1250000
2016-05-08 22:42:12.237000,1.13951,1.13947,1000000,1250000
2016-05-08 22:42:14.216000,1.13952,1.13947,1120000,1250000
2016-05-08 22:42:14.767000,1.13951,1.13947,1000000,1250000
2016-05-08 22:42:15.922000,1.13952,1.13946,1120000,1190000
2016-05-08 22:42:16.654000,1.13951,1.13946,1000000,1190000
2016-05-08 22:42:20.039000,1.13952,1.13946,1000000,1190000
2016-05-08 22:42:20.622000,1.13951,1.13946,1000000,1190000
2016-05-08 22:42:28.730000,1.13952,1.13946,1120000,1190000
2016-05-08 22:42:29.261000,1.13951,1.13946,1000000,1190000
2016-05-08 22:42:30.142000,1.13951,1.13948,1000000,1000000
2016-05-08 22:42:30.243000,1.13955,1.13948,2060000,1000000
2016-05-08 22:43:04.941000,1.13954,1.13949,1250000,1000000
2016-05-08 22:43:05.478000,1.13954,1.13948,1310000,1000000
2016-05-08 22:43:12.438000,1.13955,1.13948,1310000,1000000
2016-05-08 22:43:12.940000,1.13954,1.13948,1000000,1000000
2016-05-08 22:43:15.852000,1.13955,1.13948,1310000,1000000
2016-05-08 22:43:16.397000,1.13954,1.13948,1000000,1000000
2016-05-08 22:43:18.358000,1.13955,1.13948,2810000,1000000
2016-05-08 22:43:18.903000,1.13954,1.13948,1000000,1000000
2016-05-08 22:43:19.422000,1.13955,1.13948,2810000,1000000
2016-05-08 22:43:19.955000,1.13954,1.13948,1000000,1000000
2016-05-08 22:43:20.857000,1.13955,1.13948,1310000,1000000
2016-05-08 22:43:21.417000,1.13954,1.13948,1000000,1000000
2016-05-08 22:43:43.190000,1.13954,1.13948,1620000,1000000
2016-05-08 22:43:46.959000,1.13954,1.13948,2810000,1150000
2016-05-08 22:43:47.497000,1.13953,1.13948,1370000,1150000
2016-05-08 22:43:48.862000,1.13954,1.13948,2810000,1200000
2016-05-08 22:44:08.349000,1.13955,1.13947,2810000,1150000
2016-05-08 22:44:09.339000,1.13955,1.13947,2810000,1400000
2016-05-08 22:45:04.183000,1.13955,1.13950,1190000,1000000
2016-05-08 22:45:04.234000,1.13957,1.13950,1500000,1500000
2016-05-08 22:45:04.742000,1.13958,1.13949,2060000,1310000
2016-05-08 22:45:05.281000,1.13958,1.13948,2810000,2960000
2016-05-08 22:45:09.272000,1.13958,1.13950,2810000,1000000
2016-05-08 22:45:09.833000,1.13958,1.13949,1620000,2440000
2016-05-08 22:45:22.320000,1.13958,1.13949,3560000,1840000
2016-05-08 22:45:33.065000,1.13956,1.13949,1000000,1390000
2016-05-08 22:45:37.016000,1.13958,1.13949,2810000,1840000
2016-05-08 22:45:37.545000,1.13958,1.13949,2810000,1340000
2016-05-08 22:45:38.180000,1.13958,1.13950,2810000,1990000
2016-05-08 22:45:38.957000,1.13958,1.13950,2060000,2290000
2016-05-08 22:45:41.777000,1.13958,1.13950,1690000,5060000
2016-05-08 22:45:42.965000,1.13958,1.13950,1690000,4840000
2016-05-08 22:45:44.388000,1.13958,1.13948,2810000,6190000
2016-05-08 22:46:54.364000,1.13958,1.13948,3190000,2060000
2016-05-08 22:47:06.409000,1.13957,1.13948,1000000,2060000
2016-05-08 22:47:08.333000,1.13957,1.13948,1250000,2810000
2016-05-08 22:47:18.217000,1.13957,1.13948,1250000,3940000
2016-05-08 22:47:19.943000,1.13958,1.13952,1190000,1000000
2016-05-08 22:47:20.450000,1.13958,1.13951,1190000,4200000
2016-05-08 22:47:20.965000,1.13958,1.13952,1190000,1000000
2016-05-08 22:47:23.642000,1.13959,1.13952,1000000,1190000
2016-05-08 22:47:24.229000,1.13959,1.13955,1000000,1000000
2016-05-08 22:47:24.331000,1.13961,1.13956,1000000,1120000
2016-05-08 22:47:24.433000,1.13963,1.13956,4120000,2620000
2016-05-08 22:47:24.963000,1.13965,1.13956,1310000,8700000
2016-05-08 22:47:25.879000,1.13965,1.13956,1310000,9070000
2016-05-08 22:47:32.098000,1.13966,1.13957,4160000,3410000
2016-05-08 22:47:39.680000,1.13967,1.13960,1690000,1000000
2016-05-08 22:47:40.237000,1.13967,1.13959,2060000,1690000
2016-05-08 22:47:45.120000,1.13967,1.13959,1000000,2810000
2016-05-08 22:48:08.414000,1.13967,1.13960,1000000,1250000
2016-05-08 22:48:09.383000,1.13967,1.13960,1500000,1690000
2016-05-08 22:48:15.079000,1.13969,1.13960,2440000,2440000
2016-05-08 22:48:46.154000,1.13964,1.13960,1000000,1870000
2016-05-08 22:48:46.686000,1.13964,1.13957,1000000,2060000
2016-05-08 22:48:58.776000,1.13965,1.13958,1000000,2440000
2016-05-08 22:48:59.129000,1.13968,1.13959,2810000,2060000
2016-05-08 22:49:09.709000,1.13968,1.13959,2440000,1310000
2016-05-08 22:49:09.773000,1.13967,1.13958,1310000,2810000
2016-05-08 22:49:16.963000,1.13968,1.13959,2440000,1310000
2016-05-08 22:49:35.293000,1.13968,1.13958,2250000,4310000
2016-05-08 22:49:39.363000,1.13968,1.13959,2440000,1190000
2016-05-08 22:50:02.510000,1.13967,1.13959,1000000,1190000
2016-05-08 22:50:03.071000,1.13968,1.13959,2440000,1190000
2016-05-08 22:50:06.197000,1.13968,1.13959,2060000,1190000
2016-05-08 22:51:18.189000,1.13966,1.13959,1000000,2440000
2016-05-08 22:51:19.181000,1.13967,1.13960,1000000,1190000
2016-05-08 22:51:20.212000,1.13969,1.13960,4310000,1190000
2016-05-08 22:51:23.361000,1.13968,1.13960,1000000,1250000
2016-05-08 22:51:23.890000,1.13969,1.13960,4310000,1250000
2016-05-08 22:51:24.418000,1.13969,1.13960,5810000,1190000
2016-05-08 22:51:55.372000,1.13967,1.13960,1190000,6000000
2016-05-08 22:52:16.375000,1.13969,1.13960,3940000,1250000
2016-05-08 22:52:24.777000,1.13969,1.13959,3190000,2060000
2016-05-08 22:52:25.448000,1.13969,1.13959,3190000,2810000
2016-05-08 22:52:25.728000,1.13961,1.13959,1290000,1500000
2016-05-08 22:52:25.830000,1.13960,1.13954,2140000,1690000
2016-05-08 22:52:26.414000,1.13959,1.13955,1390000,1000000
2016-05-08 22:52:27.165000,1.13958,1.13955,3190000,1000000
2016-05-08 22:52:27.317000,1.13958,1.13950,1250000,3940000
2016-05-08 22:52:40.278000,1.13959,1.13952,3940000,1000000
2016-05-08 22:53:40.248000,1.13959,1.13951,1190000,1310000
2016-05-08 22:53:40.873000,1.13959,1.13952,2810000,1000000
2016-05-08 22:53:43.462000,1.13959,1.13951,2810000,1690000
2016-05-08 22:54:09.339000,1.13959,1.13950,1310000,4690000
2016-05-08 22:54:23.342000,1.13959,1.13950,3190000,3560000
2016-05-08 22:54:38.302000,1.13958,1.13950,1500000,1690000
2016-05-08 22:54:39.389000,1.13958,1.13950,1690000,1690000
2016-05-08 22:54:47.643000,1.13957,1.13950,1310000,1000000
2016-05-08 22:54:47.896000,1.13953,1.13945,1250000,1310000
2016-05-08 22:54:52.981000,1.13952,1.13945,1000000,1190000
2016-05-08 22:54:54.994000,1.13953,1.13945,1690000,1190000
2016-05-08 22:54:55.568000,1.13952,1.13945,1000000,1190000
2016-05-08 22:54:57.665000,1.13950,1.13945,1000000,1190000
2016-05-08 22:54:58.183000,1.13950,1.13945,1740000,1190000
2016-05-08 22:55:01.866000,1.13950,1.13947,1740000,1190000
2016-05-08 22:55:09.305000,1.13950,1.13948,1490000,1190000
2016-05-08 22:55:12.223000,1.13950,1.13948,1000000,1190000
2016-05-08 22:55:12.275000,1.13952,1.13948,1010000,1190000
2016-05-08 22:55:14.949000,1.13953,1.13952,1000000,1250000
2016-05-08 22:55:15.152000,1.13958,1.13953,2250000,1250000
2016-05-08 22:55:16.094000,1.13959,1.13953,1000000,1250000
2016-05-08 22:55:19.097000,1.13960,1.13953,3370000,1250000
2016-05-08 22:55:20.440000,1.13959,1.13956,1000000,1190000
2016-05-08 22:55:20.693000,1.13961,1.13956,1000000,1190000
