time,ask,bid,ask_volume,bid_volume
2016-04-24 21:00:09.732000,1.12200,1.12162,750000,370000
2016-04-24 21:00:09.783000,1.12203,1.12162,1500000,750000
2016-04-24 21:00:20.816000,1.12203,1.12165,750000,370000
2016-04-24 21:00:20.927000,1.12206,1.12165,1500000,750000
2016-04-24 21:00:24.998000,1.12221,1.12150,1500000,750000
2016-04-24 21:00:30.630000,1.12221,1.12154,750000,370000
2016-04-24 21:00:30.947000,1.12224,1.12153,1500000,750000
2016-04-24 21:00:31.662000,1.12225,1.12154,1500000,750000
2016-04-24 21:00:35.132000,1.12211,1.12167,750000,750000
2016-04-24 21:00:36.442000,1.12215,1.12167,750000,750000
2016-04-24 21:00:36.551000,1.12210,1.12166,750000,750000
2016-04-24 21:00:40.179000,1.12212,1.12168,750000,750000
2016-04-24 21:00:40.520000,1.12214,1.12181,750000,750000
2016-04-24 21:00:40.727000,1.12211,1.12167,750000,750000
2016-04-24 21:00:42.446000,1.12211,1.12180,750000,370000
2016-04-24 21:00:42.497000,1.12213,1.12180,750000,370000
2016-04-24 21:00:42.709000,1.12211,1.12180,750000,370000
2016-04-24 21:00:42.760000,1.12211,1.12167,750000,750000
2016-04-24 21:00:44.258000,1.12213,1.12180,750000,370000
2016-04-24 21:00:44.426000,1.12213,1.12169,750000,750000
2016-04-24 21:00:44.476000,1.12211,1.12167,750000,750000
2016-04-24 21:00:51.991000,1.12215,1.12171,750000,750000
2016-04-24 21:00:57.276000,1.12214,1.12170,750000,750000
2016-04-24 21:01:06.468000,1.12215,1.12171,750000,750000
2016-04-24 21:01:15.488000,1.12216,1.12172,1500000,750000
2016-04-24 21:01:16.114000,1.12216,1.12173,750000,750000
2016-04-24 21:02:35.161000,1.12216,1.12172,750000,750000
2016-04-24 21:02:41.781000,1.12215,1.12171,750000,750000
2016-04-24 21:02:43.870000,1.12214,1.12170,750000,750000
2016-04-24 21:02:51.577000,1.12212,1.12170,750000,1500000
2016-04-24 21:02:52.148000,1.12212,1.12171,3000000,750000
2016-04-24 21:02:56.368000,1.12212,1.12172,1500000,370000
2016-04-24 21:02:56.519000,1.12215,1.12172,750000,750000
2016-04-24 21:02:56.620000,1.12212,1.12172,750000,370000
2016-04-24 21:02:57.784000,1.12212,1.12196,750000,750000
2016-04-24 21:02:57.835000,1.12214,1.12196,750000,1500000
2016-04-24 21:02:57.936000,1.12214,1.12172,750000,750000
2016-04-24 21:02:58.461000,1.12215,1.12172,750000,750000
2016-04-24 21:02:59.983000,1.12219,1.12172,750000,750000
2016-04-24 21:03:02.259000,1.12223,1.12173,2250000,750000
2016-04-24 21:03:02.310000,1.12227,1.12173,750000,750000
2016-04-24 21:03:02.437000,1.12222,1.12173,750000,750000
2016-04-24 21:03:02.789000,1.12218,1.12171,750000,750000
2016-04-24 21:03:03.140000,1.12213,1.12171,750000,370000
2016-04-24 21:03:15.204000,1.12213,1.12200,750000,750000
2016-04-24 21:03:15.254000,1.12218,1.12200,750000,750000
2016-04-24 21:03:15.456000,1.12218,1.12171,750000,1120000
2016-04-24 21:03:18.103000,1.12214,1.12171,750000,1120000
2016-04-24 21:03:20.472000,1.12214,1.12172,750000,370000
2016-04-24 21:03:20.775000,1.12218,1.12172,750000,750000
2016-04-24 21:03:23.591000,1.12212,1.12172,750000,750000
2016-04-24 21:03:23.743000,1.12217,1.12171,750000,1500000
2016-04-24 21:03:24.265000,1.12212,1.12171,750000,1500000
2016-04-24 21:03:24.366000,1.12217,1.12171,3000000,750000
2016-04-24 21:03:24.719000,1.12225,1.12172,1500000,750000
2016-04-24 21:03:24.820000,1.12217,1.12172,750000,750000
2016-04-24 21:03:27.767000,1.12212,1.12172,750000,750000
2016-04-24 21:03:27.970000,1.12212,1.12170,750000,2250000
2016-04-24 21:03:31.356000,1.12212,1.12171,750000,370000
2016-04-24 21:03:47.688000,1.12212,1.12200,750000,750000
2016-04-24 21:03:47.739000,1.12217,1.12200,750000,750000
2016-04-24 21:03:47.789000,1.12217,1.12202,750000,1120000
2016-04-24 21:03:47.991000,1.12217,1.12172,750000,370000
2016-04-24 21:03:48.893000,1.12217,1.12173,750000,370000
2016-04-24 21:03:48.944000,1.12224,1.12173,750000,750000
2016-04-24 21:03:49.169000,1.12217,1.12172,750000,750000
2016-04-24 21:03:50.334000,1.12223,1.12172,3000000,750000
2016-04-24 21:03:50.486000,1.12225,1.12209,750000,370000
2016-04-24 21:03:50.793000,1.12217,1.12171,750000,750000
2016-04-24 21:03:50.930000,1.12212,1.12171,750000,750000
2016-04-24 21:03:51.899000,1.12217,1.12172,1500000,370000
2016-04-24 21:03:52,1.12218,1.12200,750000,750000
2016-04-24 21:03:52.101000,1.12218,1.12172,750000,750000
2016-04-24 21:03:55.075000,1.12212,1.12172,750000,750000
2016-04-24 21:03:55.685000,1.12212,1.12171,750000,750000
2016-04-24 21:03:56.637000,1.12217,1.12171,2250000,750000
2016-04-24 21:04:08.773000,1.12217,1.12171,1190000,1190000
2016-04-24 21:04:33.313000,1.12217,1.12177,1190000,1190000
2016-04-24 21:04:33.616000,1.12220,1.12182,1190000,1190000
2016-04-24 21:04:33.962000,1.12218,1.12182,1190000,1190000
2016-04-24 21:04:36.854000,1.12217,1.12182,1190000,1190000
2016-04-24 21:04:36.965000,1.12217,1.12182,1190000,1190000
2016-04-24 21:04:37.174000,1.12218,1.12182,1190000,1190000
2016-04-24 21:04:40.174000,1.12223,1.12182,2810000,1690000
2016-04-24 21:04:43.422000,1.12215,1.12182,1190000,2810000
2016-04-24 21:04:47.052000,1.12215,1.12180,1190000,1190000
2016-04-24 21:04:47.204000,1.12215,1.12183,1190000,1000000
2016-04-24 21:04:47.837000,1.12215,1.12180,1190000,2440000
2016-04-24 21:05:05.131000,1.12216,1.12180,1190000,3190000
2016-04-24 21:05:06.087000,1.12216,1.12180,1190000,3190000
2016-04-24 21:05:06.238000,1.12216,1.12185,1000000,1190000
2016-04-24 21:05:06.559000,1.12216,1.12180,1190000,3190000
2016-04-24 21:05:06.661000,1.12216,1.12185,1000000,1190000
2016-04-24 21:05:09.120000,1.12217,1.12185,1000000,1190000
2016-04-24 21:05:11.622000,1.12217,1.12182,1190000,1310000
2016-04-24 21:05:11.724000,1.12217,1.12185,1000000,1190000
2016-04-24 21:05:14.134000,1.12217,1.12182,1190000,1310000
2016-04-24 21:05:14.244000,1.12217,1.12185,1000000,1190000
2016-04-24 21:05:16.554000,1.12217,1.12182,1190000,1310000
2016-04-24 21:05:16.893000,1.12217,1.12182,1190000,1310000
2016-04-24 21:05:17.544000,1.12217,1.12182,1190000,1310000
2016-04-24 21:05:26.351000,1.12217,1.12185,1000000,1190000
2016-04-24 21:05:42.335000,1.12217,1.12183,1190000,1190000
2016-04-24 21:05:55.860000,1.12220,1.12216,1000000,1190000
2016-04-24 21:05:55.911000,1.12225,1.12223,1000000,1000000
2016-04-24 21:05:56.015000,1.12235,1.12223,1690000,1000000
2016-04-24 21:05:56.066000,1.12224,1.12216,940000,1000000
2016-04-24 21:05:56.270000,1.12232,1.12220,1190000,1000000
2016-04-24 21:05:56.321000,1.12232,1.12216,1190000,1000000
2016-04-24 21:05:56.372000,1.12221,1.12209,1000000,1500000
2016-04-24 21:05:56.423000,1.12221,1.12209,1190000,1000000
2016-04-24 21:05:56.475000,1.12232,1.12219,1690000,750000
2016-04-24 21:05:56.527000,1.12232,1.12221,1190000,1250000
2016-04-24 21:05:56.628000,1.12232,1.12209,1190000,1500000
2016-04-24 21:05:56.780000,1.12232,1.12216,1190000,1000000
2016-04-24 21:05:57.083000,1.12232,1.12221,1190000,1250000
2016-04-24 21:05:58.419000,1.12232,1.12223,1190000,1000000
2016-04-24 21:05:59.524000,1.12234,1.12225,1190000,1000000
2016-04-24 21:06:02.240000,1.12234,1.12224,1190000,1000000
2016-04-24 21:06:02.783000,1.12234,1.12225,1190000,1000000
2016-04-24 21:06:03.046000,1.12233,1.12216,1190000,1000000
2016-04-24 21:06:03.097000,1.12233,1.12216,1190000,1000000
2016-04-24 21:06:03.198000,1.12233,1.12199,1190000,1190000
2016-04-24 21:06:09.877000,1.12235,1.12204,3190000,1000000
2016-04-24 21:06:09.929000,1.12235,1.12204,2440000,1000000
2016-04-24 21:06:10.030000,1.12233,1.12200,1190000,1250000
2016-04-24 21:06:10.350000,1.12233,1.12203,1190000,1000000
2016-04-24 21:06:12.556000,1.12233,1.12205,1690000,1000000
2016-04-24 21:06:12.657000,1.12233,1.12206,1190000,1000000
2016-04-24 21:06:12.860000,1.12237,1.12201,1190000,1000000
2016-04-24 21:06:12.911000,1.12230,1.12201,1190000,1000000
2016-04-24 21:06:13.315000,1.12231,1.12203,1190000,1000000
2016-04-24 21:06:13.676000,1.12230,1.12205,1190000,1000000
2016-04-24 21:06:15.428000,1.12231,1.12204,1690000,1500000
2016-04-24 21:06:17.744000,1.12230,1.12205,1190000,1000000
2016-04-24 21:06:22.226000,1.12231,1.12204,1690000,1500000
2016-04-24 21:06:26.184000,1.12230,1.12205,1190000,1000000
2016-04-24 21:06:27.393000,1.12233,1.12204,1190000,1000000
2016-04-24 21:06:28.200000,1.12230,1.12205,1190000,1000000
2016-04-24 21:06:29.790000,1.12231,1.12204,1190000,1500000
2016-04-24 21:06:30.352000,1.12230,1.12210,1190000,1000000
2016-04-24 21:06:44.333000,1.12230,1.12210,1190000,1500000
2016-04-24 21:06:48.215000,1.12230,1.12210,1190000,1500000
2016-04-24 21:07:39.700000,1.12231,1.12209,1690000,1000000
2016-04-24 21:07:40.231000,1.12230,1.12210,1190000,1000000
2016-04-24 21:07:41.111000,1.12230,1.12210,1190000,1000000
2016-04-24 21:07:50.185000,1.12232,1.12208,1690000,1000000
2016-04-24 21:07:53.105000,1.12231,1.12208,1190000,1000000
2016-04-24 21:07:59.824000,1.12230,1.12207,1190000,1500000
2016-04-24 21:08:13.609000,1.12230,1.12206,1190000,1690000
2016-04-24 21:08:24.560000,1.12228,1.12206,1690000,1000000
2016-04-24 21:08:34.901000,1.12228,1.12206,1690000,1000000
2016-04-24 21:08:38.420000,1.12226,1.12206,1190000,1000000
2016-04-24 21:08:39.236000,1.12226,1.12210,1190000,1000000
2016-04-24 21:08:39.841000,1.12226,1.12209,1190000,1000000
2016-04-24 21:08:43.140000,1.12226,1.12210,1190000,1000000
2016-04-24 21:08:47.945000,1.12225,1.12206,1190000,1000000
2016-04-24 21:08:48.046000,1.12226,1.12209,1190000,1000000
2016-04-24 21:08:51.649000,1.12226,1.12210,1190000,1000000
2016-04-24 21:08:56.154000,1.12225,1.12210,1190000,1000000
2016-04-24 21:08:59.358000,1.12225,1.12209,1190000,1000000
2016-04-24 21:08:59.859000,1.12225,1.12210,1190000,1000000
2016-04-24 21:09:00.960000,1.12225,1.12206,1190000,1000000
2016-04-24 21:09:01.160000,1.12225,1.12210,1190000,1000000
2016-04-24 21:09:04.797000,1.12225,1.12209,1190000,1000000
2016-04-24 21:09:05.355000,1.12225,1.12210,1190000,1000000
2016-04-24 21:09:08.170000,1.12225,1.12209,1190000,1000000
2016-04-24 21:09:08.769000,1.12225,1.12210,1190000,1000000
2016-04-24 21:09:09.549000,1.12227,1.12210,1190000,1000000
2016-04-24 21:09:10.171000,1.12227,1.12206,1190000,1000000
2016-04-24 21:09:12.786000,1.12227,1.12209,1190000,1000000
2016-04-24 21:09:15.112000,1.12227,1.12210,1190000,1000000
2016-04-24 21:09:16.373000,1.12230,1.12214,3040000,1190000
2016-04-24 21:09:16.676000,1.12230,1.12219,1190000,1000000
2016-04-24 21:09:16.828000,1.12228,1.12207,1190000,1000000
2016-04-24 21:09:17.544000,1.12228,1.12205,1190000,1690000
2016-04-24 21:09:36.703000,1.12224,1.12205,1190000,1000000
2016-04-24 21:09:37.007000,1.12224,1.12205,1250000,1000000
2016-04-24 21:09:42.092000,1.12220,1.12205,1190000,1250000
2016-04-24 21:10:00.158000,1.12220,1.12205,1690000,1000000
2016-04-24 21:10:00.516000,1.12221,1.12209,1190000,1000000
2016-04-24 21:10:08.207000,1.12220,1.12209,1190000,1000000
2016-04-24 21:10:29.295000,1.12220,1.12208,1690000,1000000
2016-04-24 21:10:30.200000,1.12220,1.12209,1690000,1000000
2016-04-24 21:10:32.093000,1.12220,1.12208,1690000,1000000
2016-04-24 21:10:32.833000,1.12220,1.12209,1690000,1000000
2016-04-24 21:10:34.898000,1.12220,1.12210,1690000,1000000
2016-04-24 21:10:35.427000,1.12220,1.12209,1690000,1000000
2016-04-24 21:10:36.215000,1.12220,1.12210,1690000,1000000
2016-04-24 21:10:40.186000,1.12220,1.12209,1690000,1000000
2016-04-24 21:10:41.196000,1.12220,1.12210,1690000,1000000
2016-04-24 21:10:57.246000,1.12220,1.12209,1690000,1000000
2016-04-24 21:10:59.310000,1.12220,1.12210,1690000,1000000
2016-04-24 21:11:14.247000,1.12220,1.12209,1690000,1000000
2016-04-24 21:11:15.255000,1.12220,1.12210,1690000,1000000
2016-04-24 21:11:15.828000,1.12220,1.12209,1690000,1000000
2016-04-24 21:11:16.411000,1.12220,1.12210,1690000,1000000
2016-04-24 21:11:23.144000,1.12220,1.12209,1690000,1000000
2016-04-24 21:11:23.695000,1.12220,1.12210,1690000,1000000
2016-04-24 21:11:38.205000,1.12220,1.12209,1190000,1000000
2016-04-24 21:11:39.392000,1.12220,1.12210,1190000,1000000
2016-04-24 21:11:58.204000,1.12220,1.12209,1190000,1000000
2016-04-24 21:11:59.296000,1.12220,1.12210,1190000,1000000
2016-04-24 21:12:21.234000,1.12220,1.12209,1190000,1000000
2016-04-24 21:12:21.762000,1.12220,1.12210,1190000,1000000
2016-04-24 21:12:24.348000,1.12220,1.12209,1190000,1000000
2016-04-24 21:12:25.249000,1.12220,1.12210,1190000,1000000
2016-04-24 21:12:38.102000,1.12221,1.12210,1690000,1000000
2016-04-24 21:12:38.627000,1.12221,1.12209,1690000,1000000
2016-04-24 21:12:41.153000,1.12221,1.12210,1690000,1000000
2016-04-24 21:12:41.803000,1.12220,1.12210,1190000,1000000
2016-04-24 21:13:00.315000,1.12220,1.12210,1690000,1000000
2016-04-24 21:13:22.749000,1.12220,1.12209,2440000,1000000
2016-04-24 21:13:23.850000,1.12220,1.12210,2440000,1000000
2016-04-24 21:13:39.149000,1.12220,1.12209,2440000,1000000
2016-04-24 21:13:43.264000,1.12220,1.12210,2440000,1000000
2016-04-24 21:13:44.185000,1.12220,1.12209,2440000,1000000
2016-04-24 21:13:46.192000,1.12220,1.12210,2440000,1000000
2016-04-24 21:13:47.168000,1.12220,1.12209,2440000,1000000
2016-04-24 21:13:49.204000,1.12220,1.12210,2440000,1000000
2016-04-24 21:13:51.716000,1.12220,1.12209,2060000,1000000
2016-04-24 21:13:51.996000,1.12220,1.12205,2440000,1000000
2016-04-24 21:13:52.148000,1.12215,1.12202,1100000,1500000
2016-04-24 21:13:52.652000,1.12215,1.12203,1100000,1000000
2016-04-24 21:13:53.890000,1.12215,1.12203,1100000,1190000
2016-04-24 21:13:54.093000,1.12220,1.12206,2810000,1000000
2016-04-24 21:13:54.807000,1.12220,1.12208,2810000,1000000
2016-04-24 21:13:57.622000,1.12220,1.12212,1690000,1120000
2016-04-24 21:13:57.723000,1.12233,1.12221,2440000,1000000
2016-04-24 21:13:58.540000,1.12233,1.12221,2060000,1000000
2016-04-24 21:13:58.815000,1.12233,1.12223,2060000,1000000
2016-04-24 21:13:59.416000,1.12233,1.12224,2060000,1000000
2016-04-24 21:14:00.100000,1.12233,1.12225,2060000,1000000
2016-04-24 21:14:00.303000,1.12233,1.12221,2440000,1500000
2016-04-24 21:14:00.418000,1.12232,1.12221,3940000,1500000
2016-04-24 21:14:00.519000,1.12233,1.12221,2440000,1500000
2016-04-24 21:14:01.230000,1.12233,1.12223,2440000,1000000
2016-04-24 21:14:02.222000,1.12233,1.12224,2440000,1000000
2016-04-24 21:14:05.942000,1.12233,1.12221,2440000,1000000
2016-04-24 21:14:06.043000,1.12233,1.12224,1940000,1000000
2016-04-24 21:14:06.246000,1.12237,1.12226,1310000,1000000
2016-04-24 21:14:06.448000,1.12236,1.12223,2320000,1250000
2016-04-24 21:14:06.499000,1.12236,1.12225,1570000,1000000
2016-04-24 21:14:06.802000,1.12232,1.12226,1000000,1000000
2016-04-24 21:14:07.005000,1.12234,1.12225,1000000,1000000
2016-04-24 21:14:07.056000,1.12232,1.12222,1000000,1250000
2016-04-24 21:14:07.107000,1.12232,1.12222,1310000,1000000
2016-04-24 21:14:08.246000,1.12232,1.12223,1690000,1000000
2016-04-24 21:14:09.256000,1.12232,1.12222,1690000,1000000
2016-04-24 21:14:09.765000,1.12232,1.12221,1690000,1250000
2016-04-24 21:14:11.236000,1.12232,1.12222,1690000,1000000
2016-04-24 21:14:12.732000,1.12232,1.12221,1690000,1250000
2016-04-24 21:14:13.398000,1.12232,1.12222,1690000,1000000
2016-04-24 21:14:18.119000,1.12230,1.12222,1260000,1000000
2016-04-24 21:14:18.170000,1.12230,1.12215,1260000,3750000
2016-04-24 21:14:18.221000,1.12230,1.12215,1940000,1870000
2016-04-24 21:14:18.272000,1.12230,1.12213,1940000,1570000
2016-04-24 21:14:18.910000,1.12231,1.12214,3940000,1000000
2016-04-24 21:14:19.495000,1.12231,1.12214,8440000,1000000
2016-04-24 21:14:22.810000,1.12230,1.12214,6940000,1000000
2016-04-24 21:14:40.227000,1.12230,1.12214,3190000,1000000
2016-04-24 21:15:36.869000,1.12230,1.12214,1290000,1500000
2016-04-24 21:15:36.970000,1.12230,1.12214,1940000,1250000
2016-04-24 21:15:39.370000,1.12229,1.12213,1690000,1000000
2016-04-24 21:15:39.421000,1.12229,1.12211,1690000,1100000
2016-04-24 21:15:40.795000,1.12229,1.12211,1690000,1070000
2016-04-24 21:15:47.224000,1.12224,1.12210,1940000,4500000
2016-04-24 21:15:47.325000,1.12220,1.12206,1070000,1760000
2016-04-24 21:15:50.105000,1.12219,1.12202,2320000,1690000
2016-04-24 21:15:57.904000,1.12220,1.12202,2510000,1940000
2016-04-24 21:15:58.408000,1.12219,1.12205,1500000,1560000
2016-04-24 21:16:03.241000,1.12220,1.12206,1760000,1310000
2016-04-24 21:16:03.393000,1.12220,1.12206,2060000,1290000
2016-04-24 21:16:03.595000,1.12220,1.12206,2810000,1010000
2016-04-24 21:16:04.206000,1.12220,1.12206,2440000,1320000
2016-04-24 21:16:14.304000,1.12220,1.12208,1500000,1190000
2016-04-24 21:16:14.810000,1.12220,1.12206,1500000,2440000
2016-04-24 21:16:18.937000,1.12220,1.12208,1500000,1690000
2016-04-24 21:16:19.546000,1.12220,1.12206,1500000,2440000
2016-04-24 21:16:23.934000,1.12220,1.12206,2440000,2440000
2016-04-24 21:16:25.084000,1.12220,1.12206,1000000,2440000
2016-04-24 21:16:25.187000,1.12225,1.12207,3370000,1690000
2016-04-24 21:16:31.682000,1.12225,1.12210,1070000,1310000
2016-04-24 21:16:38.694000,1.12225,1.12210,1100000,1260000
2016-04-24 21:16:48.257000,1.12225,1.12211,1100000,1290000
2016-04-24 21:16:48.936000,1.12229,1.12215,1560000,1690000
2016-04-24 21:16:53.873000,1.12230,1.12210,2810000,3560000
2016-04-24 21:16:53.924000,1.12230,1.12210,3190000,3260000
2016-04-24 21:17:40.229000,1.12230,1.12210,3190000,2810000
2016-04-24 21:18:07.352000,1.12230,1.12210,2060000,3560000
2016-04-24 21:18:08.535000,1.12230,1.12220,1560000,1000000
2016-04-24 21:18:08.849000,1.12232,1.12229,1370000,1000000
2016-04-24 21:18:08.952000,1.12234,1.12221,1310000,1500000
2016-04-24 21:18:09.003000,1.12234,1.12217,1310000,1120000
2016-04-24 21:18:13.072000,1.12235,1.12216,1560000,1560000
2016-04-24 21:18:18.465000,1.12235,1.12216,1560000,1310000
2016-04-24 21:18:21.104000,1.12229,1.12215,1000000,2060000
2016-04-24 21:18:21.408000,1.12225,1.12212,1000000,2060000
2016-04-24 21:18:37.189000,1.12225,1.12211,1000000,1560000
2016-04-24 21:18:37.392000,1.12230,1.12213,1250000,1560000
2016-04-24 21:18:37.493000,1.12225,1.12213,1000000,1560000
2016-04-24 21:18:39.514000,1.12226,1.12214,1000000,1260000
2016-04-24 21:18:41.831000,1.12225,1.12214,1000000,1310000
2016-04-24 21:18:46.238000,1.12226,1.12214,1000000,1310000
2016-04-24 21:18:46.830000,1.12225,1.12214,1000000,1310000
2016-04-24 21:19:03.273000,1.12226,1.12214,1000000,1310000
2016-04-24 21:19:04.245000,1.12225,1.12214,1000000,1310000
2016-04-24 21:19:16.164000,1.12226,1.12214,1000000,1310000
2016-04-24 21:19:17.146000,1.12225,1.12214,1000000,1310000
2016-04-24 21:19:19.398000,1.12226,1.12214,1000000,1310000
2016-04-24 21:19:20.188000,1.12225,1.12214,1000000,1310000
2016-04-24 21:19:22.631000,1.12225,1.12210,1000000,4690000
2016-04-24 21:19:23.159000,1.12225,1.12210,1000000,4690000
2016-04-24 21:19:35.182000,1.12225,1.12212,1000000,1940000
2016-04-24 21:19:36.601000,1.12225,1.12212,1000000,1560000
2016-04-24 21:19:50.140000,1.12230,1.12212,1070000,1560000
2016-04-24 21:19:50.592000,1.12230,1.12210,1940000,2810000
2016-04-24 21:19:51.048000,1.12230,1.12210,1560000,3190000
2016-04-24 21:19:52.207000,1.12225,1.12210,1000000,3940000
2016-04-24 21:19:57.715000,1.12226,1.12210,1100000,2440000
2016-04-24 21:19:58.255000,1.12225,1.12210,1000000,3940000
2016-04-24 21:19:59.304000,1.12226,1.12210,1100000,2440000
2016-04-24 21:20:01.230000,1.12225,1.12210,1000000,3940000
2016-04-24 21:20:04.255000,1.12225,1.12210,1000000,3940000
2016-04-24 21:20:08.819000,1.12226,1.12210,1000000,2440000
2016-04-24 21:20:09.343000,1.12225,1.12210,1000000,3940000
2016-04-24 21:20:10.716000,1.12224,1.12210,1000000,3940000
2016-04-24 21:20:11.223000,1.12224,1.12210,1000000,2440000
2016-04-24 21:20:12.236000,1.12225,1.12210,3260000,1690000
2016-04-24 21:20:13.194000,1.12224,1.12210,1000000,1690000
2016-04-24 21:20:19.101000,1.12224,1.12212,2250000,1310000
2016-04-24 21:20:19.203000,1.12225,1.12212,6000000,1940000
2016-04-24 21:20:19.524000,1.12224,1.12212,2250000,1560000
2016-04-24 21:20:23.239000,1.12225,1.12212,6000000,1560000
2016-04-24 21:20:23.830000,1.12224,1.12210,2250000,2440000
2016-04-24 21:20:24.364000,1.12224,1.12210,2250000,2440000
2016-04-24 21:20:34.021000,1.12224,1.12210,1000000,2440000
2016-04-24 21:20:40.645000,1.12225,1.12212,5250000,1310000
2016-04-24 21:20:44.051000,1.12225,1.12212,4690000,1310000
2016-04-24 21:20:51.404000,1.12225,1.12215,4690000,1000000
2016-04-24 21:20:53.371000,1.12224,1.12215,1690000,1290000
2016-04-24 21:20:53.947000,1.12225,1.12215,4500000,1290000
2016-04-24 21:20:55.271000,1.12221,1.12213,1000000,1310000
2016-04-24 21:20:55.849000,1.12220,1.12213,1000000,1310000
2016-04-24 21:20:56.367000,1.12224,1.12213,1000000,1310000
2016-04-24 21:20:59.180000,1.12221,1.12213,1000000,1310000
2016-04-24 21:21:00.926000,1.12220,1.12213,1000000,1310000
2016-04-24 21:21:01.452000,1.12220,1.12210,1000000,3940000
2016-04-24 21:21:01.503000,1.12224,1.12210,1190000,2440000
2016-04-24 21:21:01.554000,1.12224,1.12210,1290000,2060000
2016-04-24 21:21:05.040000,1.12223,1.12213,1100000,1690000
2016-04-24 21:21:05.589000,1.12225,1.12214,4760000,1190000
2016-04-24 21:21:06.794000,1.12225,1.12216,2320000,1190000
2016-04-24 21:21:07.404000,1.12225,1.12216,1000000,1190000
2016-04-24 21:21:08.123000,1.12224,1.12213,1000000,1290000
2016-04-24 21:21:08.429000,1.12225,1.12210,1100000,1370000
2016-04-24 21:21:08.795000,1.12225,1.12207,1070000,1370000
2016-04-24 21:21:22.868000,1.12220,1.12207,1000000,1370000
2016-04-24 21:21:23.357000,1.12215,1.12206,1000000,1500000
2016-04-24 21:21:29.601000,1.12215,1.12203,1000000,2060000
2016-04-24 21:21:29.907000,1.12215,1.12200,1120000,2510000
2016-04-24 21:21:30.220000,1.12216,1.12202,1370000,1190000
2016-04-24 21:21:32.142000,1.12219,1.12201,2250000,1290000
2016-04-24 21:21:32.244000,1.12219,1.12201,1870000,2060000
2016-04-24 21:22:01.200000,1.12215,1.12202,1120000,1190000
2016-04-24 21:22:18.739000,1.12219,1.12205,3190000,1250000
2016-04-24 21:22:39.309000,1.12217,1.12205,1940000,1000000
2016-04-24 21:22:50.461000,1.12219,1.12210,1370000,1000000
2016-04-24 21:22:52.861000,1.12219,1.12205,1370000,1000000
2016-04-24 21:22:54.299000,1.12222,1.12206,3190000,1000000
2016-04-24 21:23:03.201000,1.12222,1.12208,2440000,1000000
2016-04-24 21:23:09.277000,1.12224,1.12208,1940000,1000000
2016-04-24 21:23:10.380000,1.12225,1.12210,6750000,1000000
2016-04-24 21:23:11.400000,1.12225,1.12209,7500000,1000000
2016-04-24 21:23:16.412000,1.12224,1.12210,3000000,1310000
2016-04-24 21:23:16.774000,1.12224,1.12214,1750000,1000000
2016-04-24 21:23:17.435000,1.12224,1.12215,1750000,1000000
2016-04-24 21:23:19.388000,1.12224,1.12210,1750000,2440000
2016-04-24 21:23:21.323000,1.12224,1.12211,1750000,1000000
2016-04-24 21:23:21.430000,1.12224,1.12215,1750000,1000000
2016-04-24 21:23:22.192000,1.12224,1.12214,1750000,1000000
2016-04-24 21:23:22.852000,1.12225,1.12215,2440000,1000000
2016-04-24 21:23:23.541000,1.12225,1.12217,1500000,1000000
2016-04-24 21:23:23.693000,1.12227,1.12217,2060000,1000000
2016-04-24 21:23:39.353000,1.12229,1.12216,3190000,1000000
2016-04-24 21:23:40.161000,1.12228,1.12217,1690000,1000000
2016-04-24 21:23:46.884000,1.12229,1.12216,4690000,1000000
2016-04-24 21:23:48.137000,1.12228,1.12217,3190000,1000000
2016-04-24 21:23:50.568000,1.12229,1.12216,3190000,1000000
2016-04-24 21:23:51.287000,1.12229,1.12217,3940000,1000000
2016-04-24 21:23:56.299000,1.12229,1.12214,6190000,1000000
2016-04-24 21:23:58.035000,1.12228,1.12212,4690000,1000000
2016-04-24 21:24:09.339000,1.12228,1.12213,5440000,1000000
2016-04-24 21:24:09.642000,1.12225,1.12207,1070000,1260000
2016-04-24 21:24:18.583000,1.12226,1.12210,1570000,1250000
2016-04-24 21:24:20.834000,1.12226,1.12212,1760000,1000000
2016-04-24 21:24:22.786000,1.12227,1.12212,2810000,1000000
2016-04-24 21:24:27.415000,1.12227,1.12212,2440000,1000000
2016-04-24 21:24:27.466000,1.12226,1.12210,1940000,1000000
2016-04-24 21:24:31.626000,1.12217,1.12210,1190000,1000000
2016-04-24 21:24:31.681000,1.12217,1.12205,1690000,3260000
2016-04-24 21:24:31.834000,1.12216,1.12205,1500000,1290000
2016-04-24 21:24:31.884000,1.12216,1.12209,1000000,1000000
2016-04-24 21:24:31.986000,1.12222,1.12209,1120000,1000000
2016-04-24 21:24:32.157000,1.12224,1.12209,2440000,1000000
2016-04-24 21:24:33.078000,1.12224,1.12209,2250000,1190000
2016-04-24 21:24:33.129000,1.12224,1.12209,1500000,1190000
2016-04-24 21:24:33.231000,1.12227,1.12210,1570000,1260000
2016-04-24 21:24:33.340000,1.12225,1.12207,1750000,2060000
2016-04-24 21:24:33.824000,1.12225,1.12212,1940000,1000000
2016-04-24 21:24:34.679000,1.12227,1.12210,3940000,1000000
2016-04-24 21:25:03.308000,1.12226,1.12211,3940000,1000000
2016-04-24 21:25:30.333000,1.12228,1.12210,1070000,1290000
2016-04-24 21:25:30.535000,1.12227,1.12212,1940000,1000000
2016-04-24 21:25:32.400000,1.12227,1.12212,2440000,1000000
2016-04-24 21:25:32.929000,1.12227,1.12211,2440000,1000000
2016-04-24 21:25:45.855000,1.12226,1.12210,1940000,1000000
2016-04-24 21:26:13.135000,1.12225,1.12209,2440000,1000000
2016-04-24 21:26:27.309000,1.12224,1.12208,2810000,1000000
2016-04-24 21:27:35.642000,1.12223,1.12207,2810000,1000000
2016-04-24 21:28:35.647000,1.12223,1.12203,2810000,1190000
2016-04-24 21:29:30.158000,1.12223,1.12203,2620000,1190000
2016-04-24 21:29:31.184000,1.12223,1.12203,2810000,1190000
2016-04-24 21:30:08.850000,1.12223,1.12208,2060000,1000000
2016-04-24 21:30:09.154000,1.12226,1.12212,2440000,1000000
2016-04-24 21:30:09.952000,1.12226,1.12210,2440000,1000000
2016-04-24 21:30:10.533000,1.12226,1.12210,2440000,1000000
2016-04-24 21:30:16.556000,1.12224,1.12205,2810000,2140000
2016-04-24 21:30:24.256000,1.12224,1.12205,2810000,3560000
2016-04-24 21:31:02.411000,1.12223,1.12206,1370000,1190000
2016-04-24 21:31:19.830000,1.12224,1.12206,3000000,1190000
2016-04-24 21:31:39.871000,1.12225,1.12207,1120000,1220000
2016-04-24 21:31:43.584000,1.12225,1.12209,1120000,1470000
2016-04-24 21:31:44.088000,1.12225,1.12210,1120000,1070000
2016-04-24 21:32:26.478000,1.12229,1.12213,2250000,1500000
2016-04-24 21:32:26.529000,1.12231,1.12214,1500000,1000000
2016-04-24 21:32:27.058000,1.12227,1.12213,1100000,1310000
2016-04-24 21:32:27.854000,1.12227,1.12214,1070000,1100000
2016-04-24 21:32:28.162000,1.12227,1.12214,1000000,1120000
2016-04-24 21:32:36.871000,1.12227,1.12214,1100000,1070000
2016-04-24 21:32:43.149000,1.12227,1.12214,1070000,1100000
2016-04-24 21:32:45.982000,1.12227,1.12214,1000000,1120000
2016-04-24 21:32:46.853000,1.12227,1.12214,1070000,1100000
2016-04-24 21:32:58.316000,1.12227,1.12214,1100000,1070000
2016-04-24 21:32:59.413000,1.12227,1.12214,1070000,1100000
2016-04-24 21:33:10.387000,1.12227,1.12214,1120000,1000000
2016-04-24 21:33:26.096000,1.12227,1.12213,1120000,1010000
2016-04-24 21:33:26.147000,1.12227,1.12213,1000000,1620000
2016-04-24 21:33:26.248000,1.12227,1.12213,1100000,1010000
2016-04-24 21:33:32.766000,1.12227,1.12214,1100000,1000000
2016-04-24 21:33:32.968000,1.12227,1.12215,1120000,1000000
2016-04-24 21:33:36.587000,1.12227,1.12214,1120000,1500000
2016-04-24 21:33:41.194000,1.12227,1.12215,1120000,1000000
2016-04-24 21:33:43.153000,1.12229,1.12217,1370000,1000000
2016-04-24 21:33:43.204000,1.12227,1.12217,1000000,1000000
2016-04-24 21:33:43.255000,1.12227,1.12216,1000000,1750000
2016-04-24 21:33:43.356000,1.12227,1.12214,1100000,4570000
2016-04-24 21:33:43.407000,1.12227,1.12215,1370000,1000000
2016-04-24 21:33:43.997000,1.12227,1.12215,1120000,1000000
2016-04-24 21:33:44.582000,1.12227,1.12215,1370000,1000000
2016-04-24 21:33:57.337000,1.12227,1.12214,1370000,1500000
2016-04-24 21:33:57.880000,1.12227,1.12215,1370000,1000000
2016-04-24 21:34:01.248000,1.12227,1.12214,1370000,1500000
2016-04-24 21:34:04.144000,1.12227,1.12215,1370000,1000000
2016-04-24 21:34:10.165000,1.12227,1.12214,1370000,1000000
2016-04-24 21:34:11.206000,1.12227,1.12215,1370000,1000000
2016-04-24 21:34:20.480000,1.12227,1.12214,1370000,1000000
2016-04-24 21:34:21.019000,1.12227,1.12215,1370000,1000000
2016-04-24 21:34:27.194000,1.12227,1.12214,1370000,1000000
2016-04-24 21:34:28.196000,1.12227,1.12215,1370000,1000000
2016-04-24 21:34:30.138000,1.12227,1.12213,1370000,1690000
2016-04-24 21:34:31.332000,1.12227,1.12213,1370000,2060000
2016-04-24 21:34:34.556000,1.12227,1.12214,1120000,1000000
2016-04-24 21:34:43.137000,1.12227,1.12214,1070000,1570000
2016-04-24 21:34:56.337000,1.12227,1.12211,1120000,3560000
2016-04-24 21:36:24.130000,1.12228,1.12214,1000000,1370000
2016-04-24 21:36:24.181000,1.12232,1.12217,1120000,1100000
2016-04-24 21:36:24.232000,1.12232,1.12219,1120000,1500000
2016-04-24 21:36:24.284000,1.12235,1.12221,1570000,1100000
2016-04-24 21:36:24.386000,1.12241,1.12222,3190000,1070000
2016-04-24 21:36:28.791000,1.12241,1.12225,3940000,1000000
2016-04-24 21:36:30.476000,1.12240,1.12224,1690000,1000000
2016-04-24 21:36:30.779000,1.12238,1.12222,1500000,1000000
2016-04-24 21:36:49.377000,1.12238,1.12220,1500000,1500000
2016-04-24 21:37:04.434000,1.12227,1.12217,1000000,2250000
2016-04-24 21:37:04.486000,1.12227,1.12214,1000000,1000000
2016-04-24 21:37:04.538000,1.12225,1.12212,1100000,1500000
2016-04-24 21:37:04.741000,1.12225,1.12206,1070000,2250000
2016-04-24 21:37:05.393000,1.12225,1.12207,1070000,1000000
2016-04-24 21:37:11.443000,1.12228,1.12206,3370000,3750000
2016-04-24 21:37:12.431000,1.12228,1.12215,3370000,1250000
2016-04-24 21:37:12.533000,1.12227,1.12215,1070000,1690000
2016-04-24 21:37:53.313000,1.12229,1.12214,3000000,2440000
2016-04-24 21:37:54.008000,1.12229,1.12215,3000000,1000000
2016-04-24 21:37:55.717000,1.12229,1.12214,3000000,2440000
2016-04-24 21:37:56.319000,1.12229,1.12215,3000000,1000000
2016-04-24 21:37:59.210000,1.12229,1.12214,3000000,2440000
2016-04-24 21:37:59.722000,1.12229,1.12215,3000000,1000000
2016-04-24 21:38:01.406000,1.12229,1.12214,3000000,2440000
2016-04-24 21:38:02.077000,1.12229,1.12215,3000000,1000000
2016-04-24 21:38:03.219000,1.12229,1.12214,3000000,1690000
2016-04-24 21:38:03.724000,1.12228,1.12215,1500000,1690000
2016-04-24 21:38:27.657000,1.12228,1.12215,2440000,1250000
2016-04-24 21:38:38.701000,1.12227,1.12215,1000000,1250000
2016-04-24 21:38:42.400000,1.12228,1.12215,1690000,1250000
2016-04-24 21:38:44.061000,1.12228,1.12215,1760000,1250000
2016-04-24 21:38:44.312000,1.12228,1.12215,2060000,1250000
2016-04-24 21:38:53.084000,1.12227,1.12212,1120000,1310000
2016-04-24 21:38:56.191000,1.12227,1.12213,1120000,1190000
2016-04-24 21:38:57.515000,1.12231,1.12214,1000000,1190000
2016-04-24 21:38:57.567000,1.12231,1.12217,1000000,1000000
2016-04-24 21:38:57.872000,1.12229,1.12215,1250000,2140000
2016-04-24 21:39:00.254000,1.12229,1.12215,1320000,1760000
2016-04-24 21:39:10.313000,1.12229,1.12215,1620000,1190000
2016-04-24 21:39:10.848000,1.12229,1.12215,1310000,1290000
2016-04-24 21:39:12.506000,1.12229,1.12215,1320000,1290000
2016-04-24 21:39:13.577000,1.12229,1.12215,1250000,1290000
2016-04-24 21:39:14.110000,1.12229,1.12215,1320000,1290000
2016-04-24 21:39:14.635000,1.12229,1.12215,1250000,1290000
2016-04-24 21:39:26.149000,1.12229,1.12215,1320000,1290000
2016-04-24 21:39:28.095000,1.12229,1.12215,1010000,1290000
2016-04-24 21:39:43.165000,1.12229,1.12215,1320000,1290000
2016-04-24 21:39:50.241000,1.12229,1.12214,1010000,3260000
2016-04-24 21:39:52.993000,1.12229,1.12216,1620000,1190000
2016-04-24 21:39:53.562000,1.12229,1.12216,1310000,3190000
2016-04-24 21:39:57.206000,1.12229,1.12219,1310000,1000000
2016-04-24 21:39:57.824000,1.12229,1.12220,1310000,1000000
2016-04-24 21:40:00.043000,1.12229,1.12219,1310000,1000000
2016-04-24 21:40:00.564000,1.12229,1.12220,1310000,1000000
2016-04-24 21:40:01.748000,1.12229,1.12219,1310000,1000000
2016-04-24 21:40:02.308000,1.12230,1.12220,1560000,1000000
2016-04-24 21:40:03.759000,1.12230,1.12219,1560000,1000000
2016-04-24 21:40:04.457000,1.12230,1.12220,1560000,1000000
2016-04-24 21:40:10.231000,1.12230,1.12219,1560000,1000000
2016-04-24 21:40:10.821000,1.12230,1.12220,1560000,1000000
2016-04-24 21:40:12.124000,1.12230,1.12220,1310000,1000000
2016-04-24 21:40:13.637000,1.12230,1.12219,1310000,1000000
2016-04-24 21:40:14.175000,1.12230,1.12220,1310000,1000000
2016-04-24 21:40:17.648000,1.12230,1.12219,1310000,1000000
2016-04-24 21:40:18.446000,1.12230,1.12220,1310000,1000000
2016-04-24 21:40:20.177000,1.12230,1.12216,1310000,3190000
2016-04-24 21:40:20.492000,1.12230,1.12216,1690000,3190000
2016-04-24 21:40:20.685000,1.12230,1.12216,1310000,3190000
2016-04-24 21:40:26.058000,1.12232,1.12222,2440000,1000000
2016-04-24 21:40:30.264000,1.12232,1.12222,5440000,1000000
2016-04-24 21:40:30.567000,1.12232,1.12221,2440000,1000000
2016-04-24 21:40:30.718000,1.12232,1.12222,5440000,1000000
2016-04-24 21:40:35.997000,1.12231,1.12222,3940000,1000000
2016-04-24 21:40:36.636000,1.12231,1.12221,3940000,1000000
2016-04-24 21:40:37.148000,1.12231,1.12222,3940000,1000000
2016-04-24 21:40:41.085000,1.12231,1.12224,3940000,1000000
2016-04-24 21:40:41.687000,1.12231,1.12224,3940000,1000000
2016-04-24 21:40:42.481000,1.12231,1.12224,3940000,1000000
2016-04-24 21:40:43.091000,1.12231,1.12224,3940000,1000000
2016-04-24 21:40:52.233000,1.12231,1.12224,1940000,1000000
2016-04-24 21:40:53.244000,1.12231,1.12222,1940000,1000000
2016-04-24 21:40:58.857000,1.12231,1.12221,1940000,1000000
2016-04-24 21:40:59.377000,1.12231,1.12222,1940000,1000000
2016-04-24 21:41:01.211000,1.12231,1.12221,1940000,1000000
2016-04-24 21:41:01.815000,1.12231,1.12222,1940000,1000000
2016-04-24 21:41:08.044000,1.12231,1.12221,1940000,1000000
2016-04-24 21:41:08.735000,1.12231,1.12222,1940000,1000000
2016-04-24 21:41:14.884000,1.12231,1.12221,1940000,1000000
2016-04-24 21:41:15.406000,1.12231,1.12222,1940000,1000000
2016-04-24 21:41:21.066000,1.12231,1.12221,1940000,1000000
2016-04-24 21:41:21.617000,1.12231,1.12222,1940000,1000000
2016-04-24 21:41:23.472000,1.12231,1.12221,1940000,1000000
2016-04-24 21:41:24.022000,1.12231,1.12222,4690000,1000000
2016-04-24 21:41:24.680000,1.12231,1.12221,4690000,1000000
2016-04-24 21:41:25.235000,1.12231,1.12222,4690000,1000000
2016-04-24 21:41:26.878000,1.12231,1.12221,4690000,1000000
2016-04-24 21:41:27.448000,1.12231,1.12222,4690000,1000000
2016-04-24 21:41:39.400000,1.12230,1.12221,1940000,1000000
2016-04-24 21:41:41.701000,1.12230,1.12222,1940000,1000000
2016-04-24 21:41:51.954000,1.12223,1.12221,1250000,1000000
2016-04-24 21:41:52.056000,1.12223,1.12216,1190000,1000000
2016-04-24 21:41:52.158000,1.12226,1.12219,3750000,1500000
2016-04-24 21:41:52.209000,1.12229,1.12219,2060000,1500000
2016-04-24 21:41:52.731000,1.12230,1.12220,1560000,1500000
2016-04-24 21:41:52.976000,1.12230,1.12220,1940000,1500000
2016-04-24 21:41:55.367000,1.12223,1.12219,1190000,1500000
2016-04-24 21:41:55.469000,1.12223,1.12216,1190000,1000000
2016-04-24 21:41:55.520000,1.12226,1.12220,2250000,1000000
2016-04-24 21:41:55.621000,1.12229,1.12220,2810000,1000000
2016-04-24 21:41:57.320000,1.12231,1.12219,4690000,1000000
2016-04-24 21:41:58.020000,1.12231,1.12220,4690000,1000000
2016-04-24 21:42:00.454000,1.12231,1.12219,4690000,1000000
2016-04-24 21:42:00.967000,1.12231,1.12220,4690000,1000000
2016-04-24 21:42:01.488000,1.12231,1.12219,4690000,1000000
2016-04-24 21:42:01.989000,1.12231,1.12220,4690000,1000000
2016-04-24 21:42:02.841000,1.12231,1.12219,4690000,1000000
2016-04-24 21:42:03.591000,1.12231,1.12220,4690000,1000000
2016-04-24 21:42:04.141000,1.12231,1.12219,4690000,1000000
2016-04-24 21:42:04.655000,1.12231,1.12220,4690000,1000000
2016-04-24 21:42:05.946000,1.12231,1.12219,4690000,1000000
2016-04-24 21:42:06.447000,1.12231,1.12220,4690000,1000000
2016-04-24 21:42:07.248000,1.12231,1.12219,4690000,1000000
2016-04-24 21:42:08.056000,1.12231,1.12220,4690000,1000000
2016-04-24 21:42:08.616000,1.12231,1.12220,7690000,1000000
2016-04-24 21:42:10.154000,1.12231,1.12218,7690000,1000000
2016-04-24 21:42:10.681000,1.12231,1.12218,4690000,1000000
2016-04-24 21:42:15.056000,1.12231,1.12218,3190000,1190000
2016-04-24 21:42:15.581000,1.12231,1.12218,4690000,1190000
2016-04-24 21:42:19.155000,1.12231,1.12224,4690000,1000000
2016-04-24 21:42:19.674000,1.12231,1.12224,4690000,1000000
2016-04-24 21:42:21.360000,1.12232,1.12225,5440000,1000000
2016-04-24 21:42:21.912000,1.12232,1.12225,1760000,1000000
2016-04-24 21:42:23.683000,1.12232,1.12224,1760000,1000000
2016-04-24 21:42:24.434000,1.12232,1.12225,1760000,1000000
2016-04-24 21:42:32.197000,1.12232,1.12224,1760000,1000000
2016-04-24 21:42:32.740000,1.12232,1.12225,1760000,1000000
2016-04-24 21:42:40.398000,1.12232,1.12224,1760000,1000000
2016-04-24 21:42:40.911000,1.12231,1.12225,1000000,1000000
2016-04-24 21:42:47.831000,1.12231,1.12225,1190000,1100000
2016-04-24 21:42:47.933000,1.12231,1.12220,1190000,1000000
2016-04-24 21:42:50.444000,1.12231,1.12219,1190000,1500000
2016-04-24 21:42:50.545000,1.12231,1.12220,1190000,4500000
2016-04-24 21:42:50.646000,1.12231,1.12220,1250000,4120000
2016-04-24 21:42:59.055000,1.12232,1.12224,1190000,1000000
2016-04-24 21:42:59.572000,1.12232,1.12225,1190000,1000000
2016-04-24 21:43:01.034000,1.12232,1.12224,1190000,1000000
2016-04-24 21:43:01.607000,1.12232,1.12225,1190000,1000000
2016-04-24 21:43:02.112000,1.12232,1.12224,1190000,1000000
2016-04-24 21:43:02.696000,1.12232,1.12225,1190000,1000000
2016-04-24 21:43:03.663000,1.12232,1.12224,1190000,1000000
2016-04-24 21:43:04.178000,1.12232,1.12225,1190000,1000000
2016-04-24 21:43:04.866000,1.12232,1.12224,1190000,1000000
2016-04-24 21:43:05.414000,1.12232,1.12225,1190000,1000000
2016-04-24 21:43:10.237000,1.12232,1.12219,1190000,3940000
2016-04-24 21:43:13.731000,1.12232,1.12219,1190000,4690000
2016-04-24 21:43:15.052000,1.12232,1.12220,1190000,5250000
2016-04-24 21:43:15.204000,1.12232,1.12220,1190000,2250000
2016-04-24 21:43:15.914000,1.12230,1.12219,1000000,2440000
2016-04-24 21:43:17.094000,1.12231,1.12219,1250000,2000000
2016-04-24 21:43:17.628000,1.12230,1.12219,1000000,2000000
2016-04-24 21:43:22.506000,1.12231,1.12220,1250000,1500000
2016-04-24 21:43:23.196000,1.12230,1.12220,1000000,1370000
2016-04-24 21:43:24.912000,1.12231,1.12220,1250000,1370000
2016-04-24 21:43:25.515000,1.12230,1.12220,1000000,1370000
2016-04-24 21:43:27.189000,1.12231,1.12220,1250000,1370000
2016-04-24 21:43:27.691000,1.12230,1.12220,1000000,1370000
2016-04-24 21:43:29.595000,1.12231,1.12220,1250000,1370000
2016-04-24 21:43:30.096000,1.12230,1.12220,1000000,1370000
2016-04-24 21:43:30.613000,1.12232,1.12220,1190000,1370000
2016-04-24 21:43:31.137000,1.12232,1.12220,1190000,1120000
2016-04-24 21:43:32.203000,1.12230,1.12220,1000000,1120000
2016-04-24 21:43:39.470000,1.12230,1.12220,1000000,1500000
2016-04-24 21:43:40.282000,1.12230,1.12220,1000000,1370000
2016-04-24 21:43:41.233000,1.12231,1.12220,1250000,1370000
2016-04-24 21:43:41.995000,1.12230,1.12220,1000000,1370000
2016-04-24 21:43:50.079000,1.12231,1.12220,1250000,1370000
2016-04-24 21:44:03.197000,1.12230,1.12220,1000000,1370000
2016-04-24 21:44:03.698000,1.12231,1.12219,1250000,1690000
2016-04-24 21:44:04.281000,1.12230,1.12220,1000000,1370000
2016-04-24 21:44:05.704000,1.12231,1.12220,1250000,1370000
2016-04-24 21:44:06.231000,1.12230,1.12220,1000000,1370000
2016-04-24 21:44:11.315000,1.12231,1.12220,1250000,1370000
2016-04-24 21:44:11.988000,1.12230,1.12220,1000000,1370000
2016-04-24 21:44:14.559000,1.12230,1.12220,1000000,1940000
2016-04-24 21:44:16.651000,1.12230,1.12220,1000000,4690000
2016-04-24 21:44:16.702000,1.12233,1.12225,1000000,1070000
2016-04-24 21:44:17.159000,1.12233,1.12225,1190000,1100000
2016-04-24 21:44:20.288000,1.12233,1.12224,1000000,1070000
2016-04-24 21:44:20.793000,1.12233,1.12224,1190000,1120000
2016-04-24 21:44:27.051000,1.12230,1.12220,1000000,7690000
2016-04-24 21:44:27.152000,1.12233,1.12224,1000000,1120000
2016-04-24 21:44:27.203000,1.12233,1.12224,1190000,1120000
2016-04-24 21:44:27.941000,1.12233,1.12224,1190000,1070000
2016-04-24 21:44:34.610000,1.12233,1.12224,1190000,1120000
2016-04-24 21:44:40.866000,1.12234,1.12224,1000000,1310000
2016-04-24 21:44:41.470000,1.12234,1.12224,1000000,1560000
2016-04-24 21:44:45.139000,1.12234,1.12224,1190000,1370000
2016-04-24 21:44:45.674000,1.12234,1.12224,1190000,1120000
2016-04-24 21:44:49.091000,1.12234,1.12224,2440000,1120000
2016-04-24 21:44:49.243000,1.12231,1.12224,1250000,1000000
2016-04-24 21:44:49.294000,1.12231,1.12222,1250000,1000000
2016-04-24 21:44:50.466000,1.12231,1.12221,1250000,1000000
2016-04-24 21:44:51.004000,1.12231,1.12222,1250000,1000000
2016-04-24 21:44:53.273000,1.12231,1.12221,1250000,1000000
2016-04-24 21:44:53.801000,1.12231,1.12222,1250000,1000000
2016-04-24 21:44:55.678000,1.12231,1.12221,1250000,1000000
2016-04-24 21:44:56.322000,1.12231,1.12222,1250000,1000000
2016-04-24 21:44:57.694000,1.12231,1.12221,1250000,1000000
2016-04-24 21:44:58.210000,1.12231,1.12222,1250000,1000000
2016-04-24 21:45:00.213000,1.12231,1.12221,1250000,1000000
2016-04-24 21:45:00.762000,1.12231,1.12222,1250000,1000000
2016-04-24 21:45:00.969000,1.12232,1.12220,1000000,2060000
2016-04-24 21:45:09.401000,1.12232,1.12220,1000000,2440000
2016-04-24 21:45:20.107000,1.12232,1.12220,1000000,2060000
2016-04-24 21:45:36.803000,1.12232,1.12220,1000000,2440000
2016-04-24 21:45:38.733000,1.12233,1.12220,1500000,2440000
2016-04-24 21:45:40.317000,1.12232,1.12225,1000000,1100000
2016-04-24 21:45:55.272000,1.12232,1.12220,1000000,4310000
2016-04-24 21:46:02.257000,1.12232,1.12220,1190000,5060000
2016-04-24 21:46:02.358000,1.12232,1.12220,1000000,4310000
2016-04-24 21:46:09.967000,1.12231,1.12220,1000000,5810000
2016-04-24 21:46:10.018000,1.12231,1.12220,1000000,7690000
2016-04-24 21:46:10.120000,1.12231,1.12220,1000000,4310000
2016-04-24 21:46:10.273000,1.12231,1.12221,1500000,1560000
2016-04-24 21:46:11.138000,1.12231,1.12220,1000000,5510000
2016-04-24 21:46:12.136000,1.12231,1.12221,1500000,1310000
2016-04-24 21:46:15.641000,1.12231,1.12221,1500000,1560000
2016-04-24 21:46:16.795000,1.12230,1.12221,1000000,1560000
2016-04-24 21:46:16.846000,1.12230,1.12221,1000000,1940000
2016-04-24 21:46:18.601000,1.12230,1.12221,1000000,2060000
2016-04-24 21:46:19.107000,1.12230,1.12221,1000000,1310000
2016-04-24 21:46:23.655000,1.12230,1.12221,1000000,1620000
2016-04-24 21:46:30.171000,1.12230,1.12221,1000000,1310000
2016-04-24 21:47:01.105000,1.12232,1.12221,1000000,1120000
2016-04-24 21:47:01.207000,1.12233,1.12221,3190000,1620000
2016-04-24 21:47:05.244000,1.12233,1.12221,3190000,6940000
2016-04-24 21:47:05.599000,1.12233,1.12221,2440000,1870000
2016-04-24 21:47:10.195000,1.12232,1.12220,1690000,3000000
2016-04-24 21:47:10.711000,1.12230,1.12220,1250000,5250000
2016-04-24 21:47:10.863000,1.12230,1.12220,1250000,7420000
2016-04-24 21:47:11.854000,1.12231,1.12220,1190000,6000000
2016-04-24 21:47:14.489000,1.12232,1.12220,1190000,6370000
2016-04-24 21:47:16.746000,1.12231,1.12225,1190000,1000000
2016-04-24 21:47:17.262000,1.12231,1.12225,1190000,1070000
2016-04-24 21:47:17.781000,1.12230,1.12220,1250000,5620000
2016-04-24 21:47:23.178000,1.12231,1.12220,1190000,3560000
2016-04-24 21:47:24.951000,1.12231,1.12220,1190000,3560000
2016-04-24 21:47:25.452000,1.12231,1.12220,1190000,5510000
2016-04-24 21:47:26.159000,1.12231,1.12225,1190000,1000000
2016-04-24 21:47:26.982000,1.12231,1.12224,1190000,1000000
2016-04-24 21:47:27.527000,1.12231,1.12225,1190000,1000000
2016-04-24 21:47:28.937000,1.12231,1.12224,1190000,1000000
2016-04-24 21:47:29.490000,1.12231,1.12225,1190000,1000000
2016-04-24 21:47:33.467000,1.12231,1.12224,1190000,1000000
2016-04-24 21:47:33.972000,1.12231,1.12225,1190000,1000000
2016-04-24 21:47:34.492000,1.12230,1.12218,2440000,3940000
2016-04-24 21:47:34.543000,1.12228,1.12216,1500000,1000000
2016-04-24 21:47:34.644000,1.12229,1.12218,1690000,1250000
2016-04-24 21:47:34.999000,1.12224,1.12217,1000000,1690000
2016-04-24 21:47:35.080000,1.12224,1.12215,1000000,2250000
2016-04-24 21:47:35.182000,1.12225,1.12220,1000000,1000000
2016-04-24 21:47:35.283000,1.12226,1.12216,1000000,1690000
2016-04-24 21:47:35.857000,1.12227,1.12216,1000000,2440000
2016-04-24 21:47:55.566000,1.12230,1.12217,4690000,1250000
2016-04-24 21:48:08.167000,1.12230,1.12217,5440000,1000000
2016-04-24 21:48:11.155000,1.12230,1.12217,3940000,1250000
2016-04-24 21:48:17.318000,1.12228,1.12217,1000000,1250000
2016-04-24 21:48:17.937000,1.12229,1.12217,1250000,1250000
2016-04-24 21:48:21.790000,1.12229,1.12220,1250000,1000000
2016-04-24 21:48:25.788000,1.12229,1.12219,1250000,1000000
2016-04-24 21:48:26.487000,1.12229,1.12220,1250000,1000000
2016-04-24 21:48:27.020000,1.12229,1.12219,1250000,1000000
2016-04-24 21:48:27.541000,1.12229,1.12220,1250000,1000000
2016-04-24 21:48:28.042000,1.12229,1.12219,1250000,1000000
2016-04-24 21:48:28.593000,1.12229,1.12220,1250000,1000000
2016-04-24 21:48:29.592000,1.12229,1.12219,1250000,1000000
2016-04-24 21:48:29.991000,1.12227,1.12220,1000000,1000000
2016-04-24 21:48:31.596000,1.12227,1.12219,1000000,1000000
2016-04-24 21:48:32.302000,1.12227,1.12220,1000000,1000000
2016-04-24 21:48:33.098000,1.12227,1.12219,1000000,1000000
2016-04-24 21:48:33.613000,1.12227,1.12220,1000000,1000000
2016-04-24 21:48:40.511000,1.12227,1.12219,1000000,1000000
2016-04-24 21:48:41.060000,1.12227,1.12220,1000000,1000000
2016-04-24 21:48:42.320000,1.12227,1.12219,1000000,1000000
2016-04-24 21:48:42.866000,1.12227,1.12220,1000000,1000000
2016-04-24 21:48:43.472000,1.12228,1.12220,1000000,1000000
2016-04-24 21:48:43.523000,1.12228,1.12217,1100000,1500000
2016-04-24 21:48:44.466000,1.12228,1.12217,1760000,1500000
2016-04-24 21:48:45.979000,1.12228,1.12216,1760000,2250000
2016-04-24 21:48:46.972000,1.12228,1.12217,1760000,1500000
2016-04-24 21:48:49.812000,1.12228,1.12216,1760000,1500000
2016-04-24 21:48:50.397000,1.12228,1.12217,1760000,1500000
2016-04-24 21:48:52.202000,1.12228,1.12216,1760000,1500000
2016-04-24 21:48:52.748000,1.12228,1.12217,1760000,1500000
2016-04-24 21:48:53.604000,1.12228,1.12216,1760000,1500000
2016-04-24 21:48:54.105000,1.12228,1.12217,1760000,1500000
2016-04-24 21:48:55.708000,1.12228,1.12216,1760000,1500000
2016-04-24 21:48:59.192000,1.12228,1.12215,1760000,4500000
2016-04-24 21:48:59.719000,1.12228,1.12216,1760000,1500000
2016-04-24 21:49:03.200000,1.12228,1.12215,1760000,3750000
2016-04-24 21:49:04.039000,1.12228,1.12216,1760000,1500000
2016-04-24 21:49:04.802000,1.12228,1.12215,1290000,3750000
2016-04-24 21:49:05.309000,1.12228,1.12216,1290000,1500000
2016-04-24 21:49:06.133000,1.12228,1.12215,1290000,3750000
2016-04-24 21:49:06.655000,1.12228,1.12216,1290000,1500000
2016-04-24 21:49:08.029000,1.12228,1.12215,1290000,4500000
2016-04-24 21:49:08.538000,1.12228,1.12216,1290000,1500000
2016-04-24 21:49:11.117000,1.12228,1.12215,1010000,4500000
2016-04-24 21:49:11.629000,1.12228,1.12216,1010000,1500000
2016-04-24 21:49:12.219000,1.12228,1.12215,1010000,4500000
2016-04-24 21:49:12.782000,1.12228,1.12216,1010000,1500000
2016-04-24 21:49:16.827000,1.12228,1.12215,1010000,4500000
2016-04-24 21:49:17.635000,1.12228,1.12216,1010000,1500000
2016-04-24 21:49:23.188000,1.12228,1.12216,1290000,2250000
2016-04-24 21:49:38.146000,1.12228,1.12216,1010000,2250000
2016-04-24 21:49:39.121000,1.12227,1.12216,1000000,2250000
2016-04-24 21:49:39.222000,1.12225,1.12216,1000000,1000000
2016-04-24 21:49:44.575000,1.12225,1.12215,1000000,3750000
2016-04-24 21:49:59.356000,1.12227,1.12215,1000000,3750000
2016-04-24 21:50:03.958000,1.12226,1.12215,1000000,3750000
2016-04-24 21:50:24.044000,1.12229,1.12215,1000000,4500000
2016-04-24 21:51:18.945000,1.12226,1.12215,1000000,4500000
2016-04-24 21:51:19.453000,1.12227,1.12215,1000000,4500000
2016-04-24 21:51:19.907000,1.12227,1.12217,1000000,1000000
2016-04-24 21:51:20.018000,1.12229,1.12217,1250000,2250000
2016-04-24 21:51:51.022000,1.12229,1.12217,1320000,2250000
2016-04-24 21:51:53.772000,1.12229,1.12217,1250000,2250000
2016-04-24 21:51:56.431000,1.12229,1.12219,1000000,1000000
2016-04-24 21:51:57.031000,1.12229,1.12220,1000000,1000000
2016-04-24 21:51:58.039000,1.12229,1.12219,1000000,1000000
2016-04-24 21:51:58.585000,1.12229,1.12220,1000000,1000000
2016-04-24 21:51:58.938000,1.12229,1.12218,1070000,2250000
2016-04-24 21:52:03.598000,1.12229,1.12217,1070000,2250000
2016-04-24 21:52:04.447000,1.12229,1.12220,1070000,1000000
2016-04-24 21:52:04.950000,1.12229,1.12220,1250000,1000000
2016-04-24 21:52:06.039000,1.12229,1.12219,1250000,1000000
2016-04-24 21:52:06.588000,1.12229,1.12220,1250000,1000000
2016-04-24 21:52:07.644000,1.12229,1.12219,1250000,1000000
2016-04-24 21:52:08.155000,1.12229,1.12220,1250000,1000000
2016-04-24 21:52:08.856000,1.12229,1.12219,1250000,1000000
2016-04-24 21:52:09.406000,1.12229,1.12220,1250000,1000000
2016-04-24 21:52:10.158000,1.12229,1.12219,1250000,1000000
2016-04-24 21:52:10.670000,1.12229,1.12220,1250000,1000000
2016-04-24 21:52:12.061000,1.12229,1.12219,1250000,1000000
2016-04-24 21:52:12.573000,1.12229,1.12220,1000000,2250000
2016-04-24 21:52:24.536000,1.12231,1.12220,1570000,1500000
2016-04-24 21:52:28.348000,1.12229,1.12220,1000000,2250000
2016-04-24 21:52:34.412000,1.12229,1.12219,1000000,1500000
2016-04-24 21:52:34.462000,1.12229,1.12217,1000000,2250000
2016-04-24 21:53:12.248000,1.12229,1.12216,1000000,3000000
2016-04-24 21:53:13.689000,1.12229,1.12216,1190000,3000000
2016-04-24 21:53:20.249000,1.12229,1.12216,1000000,1000000
2016-04-24 21:53:28.505000,1.12230,1.12216,1100000,3000000
2016-04-24 21:53:31.414000,1.12230,1.12216,1370000,3000000
2016-04-24 21:53:35.076000,1.12230,1.12216,1120000,3000000
2016-04-24 21:54:07.370000,1.12230,1.12216,1070000,1000000
2016-04-24 21:54:14.172000,1.12230,1.12215,1070000,3000000
2016-04-24 21:54:14.698000,1.12230,1.12216,1070000,2250000
2016-04-24 21:54:15.993000,1.12230,1.12215,1070000,5250000
2016-04-24 21:54:16.957000,1.12230,1.12216,1070000,2250000
2016-04-24 21:54:19.575000,1.12230,1.12215,1070000,5250000
2016-04-24 21:54:20.076000,1.12230,1.12216,1070000,2250000
2016-04-24 21:54:23.215000,1.12230,1.12215,1070000,5250000
2016-04-24 21:54:24.024000,1.12230,1.12216,1070000,2250000
2016-04-24 21:54:25.612000,1.12230,1.12215,1070000,5250000
2016-04-24 21:54:26.141000,1.12230,1.12216,1000000,2250000
2016-04-24 21:54:26.490000,1.12230,1.12216,1120000,2250000
2016-04-24 21:54:27.097000,1.12230,1.12215,1120000,5250000
2016-04-24 21:54:28.094000,1.12230,1.12216,1120000,2250000
2016-04-24 21:54:31.100000,1.12230,1.12215,1120000,5250000
2016-04-24 21:54:32.102000,1.12230,1.12216,1120000,2250000
2016-04-24 21:54:39.196000,1.12230,1.12215,1310000,5250000
2016-04-24 21:54:39.698000,1.12230,1.12216,1290000,2250000
2016-04-24 21:54:40.211000,1.12230,1.12216,1560000,3000000
2016-04-24 21:54:41.150000,1.12230,1.12216,1120000,3000000
2016-04-24 21:54:41.657000,1.12230,1.12216,1370000,3000000
2016-04-24 21:54:57.009000,1.12230,1.12216,1120000,2250000
2016-04-24 21:54:57.515000,1.12230,1.12216,1070000,1000000
2016-04-24 21:54:58.629000,1.12230,1.12216,1370000,2250000
2016-04-24 21:54:58.780000,1.12230,1.12216,1070000,2250000
2016-04-24 21:54:58.831000,1.12230,1.12216,1260000,2250000
2016-04-24 21:55:05.202000,1.12230,1.12216,1000000,2250000
2016-04-24 21:55:13.787000,1.12230,1.12217,1000000,1000000
2016-04-24 21:55:25.260000,1.12230,1.12217,1000000,2620000
2016-04-24 21:55:25.480000,1.12232,1.12217,1500000,2620000
2016-04-24 21:55:25.949000,1.12231,1.12218,1000000,1870000
2016-04-24 21:55:26.498000,1.12232,1.12218,1000000,1870000
2016-04-24 21:55:32.081000,1.12232,1.12218,1000000,1870000
2016-04-24 21:55:33.133000,1.12234,1.12218,4500000,3370000
2016-04-24 21:55:33.284000,1.12234,1.12218,3000000,3370000
2016-04-24 21:55:33.436000,1.12231,1.12218,1000000,3000000
2016-04-24 21:55:34.972000,1.12234,1.12218,6000000,3000000
2016-04-24 21:55:35.073000,1.12232,1.12218,1000000,3000000
2016-04-24 21:55:35.175000,1.12234,1.12218,6000000,3000000
2016-04-24 21:55:35.226000,1.12230,1.12218,1000000,3000000
2016-04-24 21:55:35.724000,1.12230,1.12218,1000000,3370000
2016-04-24 21:55:36.305000,1.12233,1.12218,1000000,3370000
2016-04-24 21:55:36.508000,1.12231,1.12220,1000000,2250000
2016-04-24 21:55:36.825000,1.12231,1.12218,1690000,3000000
2016-04-24 21:55:41.654000,1.12229,1.12217,1000000,3000000
2016-04-24 21:55:46.602000,1.12229,1.12218,1000000,1000000
2016-04-24 21:55:47.118000,1.12230,1.12218,1000000,3750000
2016-04-24 21:55:48.503000,1.12231,1.12218,1000000,3750000
2016-04-24 21:55:53.264000,1.12231,1.12219,1000000,1000000
2016-04-24 21:55:56.678000,1.12231,1.12224,1000000,1500000
2016-04-24 21:55:56.730000,1.12235,1.12225,3000000,1500000
2016-04-24 21:55:56.781000,1.12235,1.12227,1500000,1870000
2016-04-24 21:55:56.832000,1.12243,1.12230,1690000,1000000
2016-04-24 21:55:56.884000,1.12245,1.12232,2510000,1000000
2016-04-24 21:55:57.463000,1.12245,1.12232,1190000,2250000
2016-04-24 21:55:59.099000,1.12246,1.12232,1290000,2250000
2016-04-24 21:56:00.884000,1.12245,1.12232,1250000,3000000
2016-04-24 21:56:00.935000,1.12246,1.12234,1190000,1000000
2016-04-24 21:56:01.270000,1.12250,1.12239,1190000,1000000
2016-04-24 21:56:01.783000,1.12250,1.12239,1190000,1000000
2016-04-24 21:56:03.054000,1.12250,1.12240,1190000,1000000
2016-04-24 21:56:03.575000,1.12250,1.12240,1190000,6000000
2016-04-24 21:56:05.225000,1.12250,1.12240,1190000,6000000
2016-04-24 21:56:05.743000,1.12251,1.12240,1190000,5250000
2016-04-24 21:56:06.405000,1.12251,1.12240,1190000,2250000
2016-04-24 21:56:06.456000,1.12251,1.12238,1190000,2250000
2016-04-24 21:56:06.507000,1.12253,1.12237,2250000,3000000
2016-04-24 21:56:06.659000,1.12253,1.12237,2810000,3000000
2016-04-24 21:56:13.806000,1.12252,1.12236,1070000,3000000
2016-04-24 21:56:19.289000,1.12252,1.12235,1070000,3750000
2016-04-24 21:56:25.178000,1.12248,1.12234,1000000,2250000
2016-04-24 21:56:25.229000,1.12248,1.12231,2250000,3000000
2016-04-24 21:56:25.280000,1.12247,1.12231,1190000,3000000
2016-04-24 21:56:26.398000,1.12247,1.12231,1190000,3000000
2016-04-24 21:56:30.176000,1.12246,1.12232,1290000,1000000
2016-04-24 21:56:30.227000,1.12246,1.12232,1100000,1000000
2016-04-24 21:57:01.362000,1.12248,1.12232,1690000,2250000
2016-04-24 21:57:05.535000,1.12248,1.12231,1690000,3750000
2016-04-24 21:57:06.673000,1.12248,1.12231,2060000,3750000
2016-04-24 21:57:14.500000,1.12245,1.12231,1000000,2250000
2016-04-24 21:57:14.827000,1.12245,1.12229,1690000,3000000
2016-04-24 21:57:31.393000,1.12244,1.12229,1190000,2250000
2016-04-24 21:57:35.302000,1.12244,1.12228,1290000,1000000
2016-04-24 21:57:56.253000,1.12244,1.12227,1290000,3000000
2016-04-24 21:57:56.820000,1.12244,1.12228,1290000,1500000
2016-04-24 21:57:58.256000,1.12244,1.12227,1290000,3000000
2016-04-24 21:57:58.757000,1.12244,1.12228,1290000,1500000
2016-04-24 21:58:00.493000,1.12244,1.12227,1190000,3750000
2016-04-24 21:58:03.969000,1.12244,1.12225,2250000,3750000
2016-04-24 21:58:04.274000,1.12243,1.12223,2250000,2250000
2016-04-24 21:58:05.448000,1.12243,1.12223,2320000,2250000
2016-04-24 21:58:05.973000,1.12243,1.12223,2250000,2250000
2016-04-24 21:58:07.208000,1.12243,1.12223,2320000,2250000
2016-04-24 21:58:15.058000,1.12238,1.12223,1000000,1500000
2016-04-24 21:58:15.361000,1.12238,1.12220,1190000,5250000
2016-04-24 21:58:20.588000,1.12238,1.12219,1190000,3000000
2016-04-24 21:58:21.354000,1.12240,1.12222,3940000,1000000
2016-04-24 21:58:26.562000,1.12242,1.12223,1290000,2250000
2016-04-24 21:58:37.345000,1.12243,1.12222,2510000,3000000
2016-04-24 21:59:00.078000,1.12243,1.12222,1320000,3000000
2016-04-24 21:59:00.180000,1.12243,1.12222,1260000,3000000
2016-04-24 21:59:07.644000,1.12239,1.12221,190000,3000000
2016-04-24 21:59:22.387000,1.12242,1.12221,260000,2250000
2016-04-24 21:59:33.271000,1.12242,1.12220,190000,3000000
2016-04-24 21:59:33.829000,1.12242,1.12221,190000,2250000
2016-04-24 21:59:34.446000,1.12242,1.12220,190000,5250000
2016-04-24 21:59:39.581000,1.12242,1.12221,190000,2250000
2016-04-24 21:59:41.465000,1.12242,1.12220,260000,5250000
2016-04-24 21:59:42.011000,1.12242,1.12221,260000,2250000
2016-04-24 21:59:43.126000,1.12240,1.12221,100000,2250000
2016-04-24 21:59:43.503000,1.12242,1.12221,190000,2250000
2016-04-24 21:59:44.545000,1.12242,1.12220,190000,5250000
2016-04-24 21:59:53.186000,1.12243,1.12220,2510000,5250000
2016-04-24 21:59:56.156000,1.12242,1.12220,190000,5250000
2016-04-24 22:00:00.049000,1.12238,1.12220,750000,2250000
2016-04-24 22:00:00.100000,1.12236,1.12217,1500000,3000000
2016-04-24 22:00:00.151000,1.12227,1.12217,750000,2620000
2016-04-24 22:00:00.202000,1.12227,1.12215,750000,190000
2016-04-24 22:00:00.354000,1.12228,1.12221,750000,750000
2016-04-24 22:00:00.556000,1.12236,1.12223,3190000,750000
2016-04-24 22:00:00.765000,1.12234,1.12223,1500000,750000
2016-04-24 22:00:01.252000,1.12235,1.12225,750000,1500000
2016-04-24 22:00:01.303000,1.12240,1.12228,1500000,750000
2016-04-24 22:00:01.405000,1.12237,1.12227,750000,1500000
2016-04-24 22:00:01.711000,1.12243,1.12230,1500000,750000
2016-04-24 22:00:01.773000,1.12241,1.12230,750000,750000
2016-04-24 22:00:01.877000,1.12244,1.12231,190000,1500000
2016-04-24 22:00:01.979000,1.12242,1.12231,370000,1500000
2016-04-24 22:00:02.131000,1.12243,1.12228,1500000,1500000
2016-04-24 22:00:02.477000,1.12244,1.12232,190000,750000
2016-04-24 22:00:02.528000,1.12244,1.12228,190000,1500000
2016-04-24 22:00:02.680000,1.12241,1.12227,1500000,750000
2016-04-24 22:00:02.832000,1.12244,1.12229,1500000,1500000
2016-04-24 22:00:02.883000,1.12242,1.12228,1500000,1500000
2016-04-24 22:00:03.136000,1.12245,1.12230,2620000,1500000
2016-04-24 22:00:03.187000,1.12241,1.12226,1500000,1500000
2016-04-24 22:00:03.491000,1.12246,1.12240,750000,1310000
2016-04-24 22:00:03.643000,1.12244,1.12235,190000,750000
2016-04-24 22:00:04.093000,1.12246,1.12234,2250000,750000
2016-04-24 22:00:04.144000,1.12246,1.12231,2250000,750000
2016-04-24 22:00:04.346000,1.12247,1.12238,2250000,750000
2016-04-24 22:00:04.651000,1.12245,1.12236,190000,750000
2016-04-24 22:00:04.702000,1.12245,1.12234,190000,3000000
2016-04-24 22:00:04.904000,1.12245,1.12237,190000,750000
2016-04-24 22:00:05.412000,1.12250,1.12238,260000,750000
2016-04-24 22:00:05.463000,1.12250,1.12240,260000,1500000
2016-04-24 22:00:05.768000,1.12247,1.12240,750000,3000000
2016-04-24 22:00:05.870000,1.12249,1.12240,750000,3750000
2016-04-24 22:00:06.376000,1.12250,1.12242,940000,1500000
2016-04-24 22:00:06.530000,1.12247,1.12244,750000,750000
2016-04-24 22:00:06.686000,1.12247,1.12242,750000,1500000
2016-04-24 22:00:06.885000,1.12253,1.12242,750000,1500000
2016-04-24 22:00:07.196000,1.12250,1.12241,370000,1500000
2016-04-24 22:00:07.521000,1.12247,1.12241,750000,1500000
2016-04-24 22:00:17.307000,1.12247,1.12240,750000,750000
2016-04-24 22:00:17.812000,1.12247,1.12241,750000,1500000
2016-04-24 22:00:23.906000,1.12252,1.12244,750000,750000
2016-04-24 22:00:23.957000,1.12252,1.12247,750000,2250000
2016-04-24 22:00:24.008000,1.12256,1.12250,750000,1500000
2016-04-24 22:00:24.059000,1.12258,1.12250,750000,1500000
2016-04-24 22:00:24.110000,1.12260,1.12249,100000,2250000
2016-04-24 22:00:24.313000,1.12261,1.12251,750000,750000
2016-04-24 22:00:24.616000,1.12260,1.12258,190000,750000
2016-04-24 22:00:24.718000,1.12260,1.12250,750000,190000
2016-04-24 22:00:24.775000,1.12259,1.12252,750000,750000
2016-04-24 22:00:25.281000,1.12259,1.12251,190000,190000
2016-04-24 22:00:26.537000,1.12258,1.12249,750000,1500000
2016-04-24 22:00:27.073000,1.12257,1.12249,750000,750000
2016-04-24 22:00:27.530000,1.12258,1.12247,1500000,4010000
2016-04-24 22:00:28.036000,1.12257,1.12248,750000,190000
2016-04-24 22:00:28.541000,1.12258,1.12248,1870000,2440000
2016-04-24 22:00:29.601000,1.12257,1.12248,750000,2440000
2016-04-24 22:00:30.531000,1.12258,1.12248,1500000,190000
2016-04-24 22:00:31.036000,1.12257,1.12248,750000,190000
2016-04-24 22:00:31.604000,1.12256,1.12248,750000,190000
2016-04-24 22:00:31.806000,1.12258,1.12248,1500000,2440000
2016-04-24 22:00:32.435000,1.12257,1.12248,750000,2440000
2016-04-24 22:00:33.017000,1.12258,1.12248,1500000,2440000
2016-04-24 22:00:33.693000,1.12257,1.12248,750000,190000
2016-04-24 22:00:34.420000,1.12258,1.12248,1500000,2440000
2016-04-24 22:00:34.939000,1.12257,1.12248,750000,2440000
2016-04-24 22:00:35.459000,1.12258,1.12248,1500000,2440000
2016-04-24 22:00:35.975000,1.12257,1.12248,750000,2440000
2016-04-24 22:00:36.027000,1.12254,1.12248,750000,2440000
2016-04-24 22:00:36.542000,1.12255,1.12248,750000,190000
2016-04-24 22:00:37.048000,1.12255,1.12247,750000,1010000
2016-04-24 22:00:37.553000,1.12254,1.12248,750000,190000
2016-04-24 22:00:38.160000,1.12254,1.12252,750000,750000
2016-04-24 22:00:38.464000,1.12266,1.12265,1870000,100000
2016-04-24 22:00:38.566000,1.12270,1.12269,750000,3750000
2016-04-24 22:00:38.667000,1.12276,1.12271,750000,3750000
2016-04-24 22:00:38.785000,1.12279,1.12269,750000,3000000
2016-04-24 22:00:38.887000,1.12282,1.12270,750000,1500000
2016-04-24 22:00:38.938000,1.12280,1.12271,750000,750000
2016-04-24 22:00:39.244000,1.12274,1.12269,750000,100000
2016-04-24 22:00:39.295000,1.12277,1.12270,750000,3000000
2016-04-24 22:00:39.397000,1.12274,1.12271,1120000,1500000
2016-04-24 22:00:39.499000,1.12274,1.12269,3000000,100000
2016-04-24 22:00:39.651000,1.12277,1.12269,750000,1570000
2016-04-24 22:00:39.702000,1.12279,1.12269,750000,2320000
2016-04-24 22:00:39.854000,1.12285,1.12270,2250000,1500000
2016-04-24 22:00:40.736000,1.12284,1.12270,750000,1500000
2016-04-24 22:00:41.276000,1.12284,1.12271,750000,4500000
2016-04-24 22:00:41.681000,1.12284,1.12273,750000,1500000
2016-04-24 22:00:42.223000,1.12277,1.12273,150000,1500000
2016-04-24 22:00:42.274000,1.12277,1.12270,150000,1500000
2016-04-24 22:00:42.325000,1.12272,1.12270,750000,1500000
2016-04-24 22:00:42.578000,1.12269,1.12264,750000,3750000
2016-04-24 22:00:42.680000,1.12270,1.12269,1500000,100000
2016-04-24 22:00:42.781000,1.12272,1.12269,1500000,100000
2016-04-24 22:00:43.305000,1.12273,1.12269,100000,100000
2016-04-24 22:00:43.660000,1.12272,1.12271,750000,100000
2016-04-24 22:00:43.812000,1.12279,1.12271,750000,100000
2016-04-24 22:00:43.965000,1.12281,1.12274,750000,100000
2016-04-24 22:00:44.067000,1.12281,1.12271,750000,100000
2016-04-24 22:00:44.586000,1.12280,1.12271,750000,100000
2016-04-24 22:00:45.857000,1.12281,1.12271,1500000,5320000
2016-04-24 22:00:45.971000,1.12283,1.12275,750000,100000
2016-04-24 22:00:46.282000,1.12285,1.12280,750000,100000
2016-04-24 22:00:46.434000,1.12287,1.12280,3150000,100000
2016-04-24 22:00:46.536000,1.12284,1.12280,750000,100000
2016-04-24 22:00:47.057000,1.12284,1.12280,750000,300000
2016-04-24 22:00:47.593000,1.12284,1.12280,750000,300000
2016-04-24 22:00:47.897000,1.12284,1.12283,750000,100000
2016-04-24 22:00:49.030000,1.12285,1.12284,750000,100000
2016-04-24 22:00:49.748000,1.12285,1.12284,1500000,100000
2016-04-24 22:00:49.900000,1.12285,1.12282,750000,300000
2016-04-24 22:00:50.052000,1.12284,1.12283,750000,300000
2016-04-24 22:00:50.306000,1.12286,1.12284,100000,300000
2016-04-24 22:00:50.357000,1.12288,1.12284,150000,300000
2016-04-24 22:00:50.509000,1.12290,1.12289,1200000,750000
2016-04-24 22:00:50.798000,1.12297,1.12296,150000,750000
2016-04-24 22:00:50.850000,1.12297,1.12294,150000,750000
2016-04-24 22:00:51.002000,1.12298,1.12296,150000,3000000
2016-04-24 22:00:51.053000,1.12300,1.12297,100000,750000
2016-04-24 22:00:51.105000,1.12301,1.12300,750000,3000000
2016-04-24 22:00:51.410000,1.12295,1.12291,750000,100000
2016-04-24 22:00:51.764000,1.12295,1.12293,750000,150000
2016-04-24 22:00:53.589000,1.12296,1.12293,100000,150000
2016-04-24 22:00:54.106000,1.12295,1.12293,100000,150000
2016-04-24 22:00:55.412000,1.12296,1.12293,100000,150000
2016-04-24 22:00:55.513000,1.12298,1.12293,2250000,150000
2016-04-24 22:00:55.716000,1.12295,1.12293,750000,150000
2016-04-24 22:00:56.071000,1.12298,1.12293,750000,150000
2016-04-24 22:00:56.375000,1.12295,1.12293,750000,340000
2016-04-24 22:00:57.032000,1.12295,1.12291,750000,100000
2016-04-24 22:00:57.387000,1.12296,1.12294,370000,100000
2016-04-24 22:00:57.867000,1.12298,1.12294,2250000,100000
2016-04-24 22:00:58.374000,1.12298,1.12292,2250000,260000
2016-04-24 22:00:58.930000,1.12298,1.12293,750000,100000
2016-04-24 22:00:59.436000,1.12299,1.12298,1500000,750000
2016-04-24 22:00:59.537000,1.12301,1.12300,750000,750000
2016-04-24 22:00:59.589000,1.12303,1.12298,750000,750000
2016-04-24 22:00:59.640000,1.12303,1.12295,750000,1010000
2016-04-24 22:01:01.181000,1.12302,1.12295,750000,100000
2016-04-24 22:01:01.586000,1.12299,1.12295,750000,100000
2016-04-24 22:01:01.890000,1.12297,1.12293,750000,190000
2016-04-24 22:01:01.941000,1.12297,1.12286,750000,750000
2016-04-24 22:01:02.094000,1.12296,1.12288,100000,370000
2016-04-24 22:01:02.196000,1.12296,1.12286,370000,370000
2016-04-24 22:01:02.298000,1.12296,1.12284,750000,1500000
2016-04-24 22:01:02.821000,1.12295,1.12284,750000,1500000
2016-04-24 22:01:03.349000,1.12296,1.12283,750000,2400000
2016-04-24 22:01:04.684000,1.12297,1.12283,3750000,2400000
2016-04-24 22:01:05.012000,1.12295,1.12283,750000,3150000
2016-04-24 22:01:05.720000,1.12294,1.12283,750000,750000
2016-04-24 22:01:06.024000,1.12292,1.12282,750000,750000
2016-04-24 22:01:06.362000,1.12294,1.12282,1870000,1120000
2016-04-24 22:01:06.594000,1.12292,1.12282,750000,750000
2016-04-24 22:01:07.708000,1.12291,1.12280,750000,1500000
2016-04-24 22:01:07.911000,1.12291,1.12282,750000,750000
2016-04-24 22:01:08.441000,1.12292,1.12282,750000,370000
2016-04-24 22:01:08.636000,1.12291,1.12280,750000,750000
2016-04-24 22:01:09.091000,1.12292,1.12282,2250000,370000
2016-04-24 22:01:09.800000,1.12292,1.12280,1500000,1120000
2016-04-24 22:01:09.901000,1.12291,1.12282,750000,370000
2016-04-24 22:01:10.448000,1.12292,1.12282,750000,750000
2016-04-24 22:01:10.702000,1.12291,1.12280,1500000,370000
2016-04-24 22:01:10.803000,1.12291,1.12282,750000,370000
2016-04-24 22:01:11.309000,1.12292,1.12282,750000,750000
2016-04-24 22:01:11.512000,1.12291,1.12279,750000,3000000
2016-04-24 22:01:11.613000,1.12292,1.12282,1500000,370000
2016-04-24 22:01:13.179000,1.12292,1.12280,750000,750000
2016-04-24 22:01:13.584000,1.12291,1.12282,100000,370000
2016-04-24 22:01:14.130000,1.12292,1.12282,750000,750000
2016-04-24 22:01:14.333000,1.12291,1.12278,750000,1500000
2016-04-24 22:01:14.485000,1.12291,1.12282,100000,370000
2016-04-24 22:01:15.009000,1.12292,1.12282,750000,750000
2016-04-24 22:01:15.559000,1.12292,1.12283,750000,150000
2016-04-24 22:01:17.214000,1.12289,1.12282,820000,150000
2016-04-24 22:01:17.316000,1.12288,1.12280,750000,750000
2016-04-24 22:01:17.469000,1.12287,1.12278,750000,370000
2016-04-24 22:01:18.092000,1.12288,1.12278,2250000,750000
2016-04-24 22:01:18.598000,1.12287,1.12279,750000,750000
2016-04-24 22:01:18.750000,1.12287,1.12277,750000,2250000
2016-04-24 22:01:18.953000,1.12288,1.12279,1500000,750000
2016-04-24 22:01:19.105000,1.12288,1.12277,2250000,3000000
2016-04-24 22:01:19.156000,1.12288,1.12279,1500000,750000
2016-04-24 22:01:19.662000,1.12288,1.12278,2250000,900000
2016-04-24 22:01:20.016000,1.12286,1.12278,750000,150000
2016-04-24 22:01:21.030000,1.12287,1.12278,820000,150000
2016-04-24 22:01:21.554000,1.12286,1.12278,750000,150000
2016-04-24 22:01:22.060000,1.12285,1.12278,750000,150000
2016-04-24 22:01:22.414000,1.12279,1.12278,750000,150000
2016-04-24 22:01:22.718000,1.12277,1.12275,100000,450000
2016-04-24 22:01:23.783000,1.12279,1.12275,820000,450000
2016-04-24 22:01:23.834000,1.12279,1.12277,820000,150000
2016-04-24 22:01:24.313000,1.12279,1.12275,820000,450000
2016-04-24 22:01:24.364000,1.12279,1.12273,820000,900000
2016-04-24 22:01:24.415000,1.12279,1.12278,1570000,150000
2016-04-24 22:01:24.729000,1.12278,1.12277,100000,150000
2016-04-24 22:01:25.235000,1.12279,1.12278,1120000,150000
2016-04-24 22:01:25.783000,1.12276,1.12275,100000,520000
2016-04-24 22:01:26.228000,1.12276,1.12275,100000,370000
2016-04-24 22:01:26.741000,1.12276,1.12275,100000,370000
2016-04-24 22:01:27.188000,1.12274,1.12273,100000,100000
2016-04-24 22:01:27.695000,1.12274,1.12272,100000,100000
2016-04-24 22:01:28.089000,1.12277,1.12273,100000,100000
2016-04-24 22:01:28.209000,1.12277,1.12275,100000,370000
2016-04-24 22:01:32.690000,1.12277,1.12274,100000,370000
2016-04-24 22:01:33.054000,1.12279,1.12275,100000,370000
2016-04-24 22:01:33.155000,1.12279,1.12278,100000,150000
2016-04-24 22:01:33.425000,1.12279,1.12275,750000,370000
2016-04-24 22:01:33.629000,1.12279,1.12273,750000,150000
2016-04-24 22:01:34.140000,1.12280,1.12274,1570000,750000
2016-04-24 22:01:34.411000,1.12279,1.12272,750000,150000
2016-04-24 22:01:35.053000,1.12280,1.12273,1500000,150000
2016-04-24 22:01:35.557000,1.12279,1.12273,750000,150000
2016-04-24 22:01:36.165000,1.12280,1.12273,1570000,150000
2016-04-24 22:01:36.671000,1.12279,1.12273,750000,150000
2016-04-24 22:01:36.824000,1.12281,1.12272,1950000,370000
2016-04-24 22:01:36.875000,1.12281,1.12275,2320000,370000
2016-04-24 22:01:39.691000,1.12281,1.12274,820000,370000
2016-04-24 22:01:40.192000,1.12281,1.12275,1570000,370000
2016-04-24 22:01:40.724000,1.12280,1.12275,750000,370000
2016-04-24 22:01:41.757000,1.12281,1.12275,1570000,370000
2016-04-24 22:01:42.076000,1.12279,1.12275,100000,370000
2016-04-24 22:01:43.493000,1.12280,1.12275,750000,370000
2016-04-24 22:01:44.082000,1.12280,1.12274,750000,370000
2016-04-24 22:01:44.610000,1.12280,1.12275,750000,370000
2016-04-24 22:01:46.636000,1.12280,1.12274,750000,370000
2016-04-24 22:01:47.142000,1.12280,1.12275,820000,370000
2016-04-24 22:01:48.594000,1.12279,1.12275,750000,370000
2016-04-24 22:01:48.696000,1.12279,1.12271,100000,2620000
2016-04-24 22:01:49.226000,1.12278,1.12271,100000,370000
2016-04-24 22:01:56.703000,1.12277,1.12271,750000,150000
2016-04-24 22:01:57.218000,1.12278,1.12271,1500000,150000
2016-04-24 22:01:58.065000,1.12278,1.12270,1570000,2590000
2016-04-24 22:01:58.616000,1.12278,1.12271,900000,150000
2016-04-24 22:01:59.166000,1.12278,1.12273,900000,370000
2016-04-24 22:01:59.471000,1.12276,1.12273,750000,750000
2016-04-24 22:01:59.572000,1.12280,1.12273,750000,2250000
2016-04-24 22:01:59.776000,1.12278,1.12272,1500000,750000
2016-04-24 22:02:00.303000,1.12278,1.12271,750000,900000
2016-04-24 22:02:00.805000,1.12277,1.12271,750000,900000
2016-04-24 22:02:01.123000,1.12277,1.12273,750000,370000
2016-04-24 22:02:01.174000,1.12277,1.12271,750000,1650000
2016-04-24 22:02:01.276000,1.12277,1.12273,750000,370000
2016-04-24 22:02:02.075000,1.12277,1.12271,750000,1650000
2016-04-24 22:02:06.128000,1.12278,1.12271,1500000,150000
2016-04-24 22:02:06.889000,1.12273,1.12271,750000,150000
2016-04-24 22:02:06.991000,1.12275,1.12271,750000,150000
2016-04-24 22:02:07.143000,1.12278,1.12271,820000,150000
2016-04-24 22:02:08.035000,1.12277,1.12271,100000,150000
2016-04-24 22:02:09.842000,1.12276,1.12271,100000,150000
2016-04-24 22:02:14.078000,1.12276,1.12269,100000,1500000
2016-04-24 22:02:14.697000,1.12276,1.12270,100000,370000
2016-04-24 22:02:15.207000,1.12277,1.12271,100000,150000
2016-04-24 22:02:15.881000,1.12277,1.12272,150000,100000
2016-04-24 22:02:16.057000,1.12278,1.12275,100000,370000
2016-04-24 22:02:16.908000,1.12278,1.12274,100000,370000
2016-04-24 22:02:17.417000,1.12278,1.12275,100000,370000
2016-04-24 22:02:17.954000,1.12278,1.12276,100000,370000
2016-04-24 22:02:18.055000,1.12280,1.12276,150000,370000
2016-04-24 22:02:19.787000,1.12280,1.12279,100000,150000
2016-04-24 22:02:20.305000,1.12281,1.12280,750000,370000
2016-04-24 22:02:20.408000,1.12281,1.12273,150000,100000
2016-04-24 22:02:20.509000,1.12282,1.12271,820000,1650000
2016-04-24 22:02:20.813000,1.12283,1.12273,750000,750000
2016-04-24 22:02:21.017000,1.12285,1.12274,750000,1500000
2016-04-24 22:02:21.220000,1.12283,1.12274,100000,1500000
2016-04-24 22:02:22.275000,1.12282,1.12274,750000,750000
2016-04-24 22:02:22.579000,1.12279,1.12272,750000,3750000
2016-04-24 22:02:23.481000,1.12279,1.12273,750000,750000
2016-04-24 22:02:24.734000,1.12279,1.12276,750000,150000
2016-04-24 22:02:25.088000,1.12285,1.12276,750000,150000
2016-04-24 22:02:25.594000,1.12284,1.12276,100000,150000
2016-04-24 22:02:25.797000,1.12288,1.12276,1570000,900000
2016-04-24 22:02:26.151000,1.12286,1.12276,750000,1500000
2016-04-24 22:02:26.455000,1.12284,1.12276,100000,1650000
2016-04-24 22:02:26.962000,1.12285,1.12276,820000,1650000
2016-04-24 22:02:27.562000,1.12284,1.12276,100000,1650000
2016-04-24 22:02:27.937000,1.12279,1.12276,750000,1650000
2016-04-24 22:02:29.341000,1.12284,1.12276,100000,1500000
2016-04-24 22:02:31.091000,1.12285,1.12276,820000,1650000
2016-04-24 22:02:31.796000,1.12284,1.12276,100000,1650000
2016-04-24 22:02:31.885000,1.12284,1.12278,100000,750000
2016-04-24 22:02:32.088000,1.12288,1.12278,750000,1500000
2016-04-24 22:02:32.291000,1.12286,1.12278,100000,1500000
2016-04-24 22:02:32.797000,1.12290,1.12279,1500000,750000
2016-04-24 22:02:32.848000,1.12292,1.12279,750000,3000000
2016-04-24 22:02:32.950000,1.12289,1.12280,750000,750000
2016-04-24 22:02:33.456000,1.12289,1.12279,100000,3750000
2016-04-24 22:02:35.003000,1.12289,1.12280,100000,750000
2016-04-24 22:02:35.540000,1.12289,1.12281,100000,150000
2016-04-24 22:02:36.122000,1.12290,1.12281,820000,150000
2016-04-24 22:02:36.627000,1.12289,1.12281,100000,150000
2016-04-24 22:02:37.159000,1.12289,1.12280,100000,2250000
2016-04-24 22:02:37.666000,1.12289,1.12279,100000,3000000
2016-04-24 22:02:37.970000,1.12289,1.12281,100000,150000
2016-04-24 22:02:38.325000,1.12292,1.12281,750000,150000
2016-04-24 22:02:38.834000,1.12291,1.12281,100000,1500000
2016-04-24 22:02:39.355000,1.12291,1.12280,100000,4500000
2016-04-24 22:02:39.867000,1.12292,1.12281,100000,750000
2016-04-24 22:02:40.415000,1.12291,1.12281,100000,750000
2016-04-24 22:02:40.916000,1.12292,1.12281,100000,750000
2016-04-24 22:02:41.420000,1.12292,1.12282,100000,1500000
2016-04-24 22:02:41.876000,1.12294,1.12282,750000,3750000
2016-04-24 22:02:42.028000,1.12292,1.12283,100000,750000
2016-04-24 22:02:44.324000,1.12292,1.12282,100000,4500000
2016-04-24 22:02:51.344000,1.12292,1.12283,100000,750000
2016-04-24 22:02:52.195000,1.12290,1.12282,820000,750000
2016-04-24 22:02:52.500000,1.12288,1.12282,750000,750000
2016-04-24 22:02:52.896000,1.12293,1.12282,750000,1500000
2016-04-24 22:02:52.997000,1.12289,1.12282,750000,750000
2016-04-24 22:02:53.517000,1.12288,1.12282,750000,750000
2016-04-24 22:02:58.208000,1.12289,1.12282,750000,750000
2016-04-24 22:02:58.512000,1.12290,1.12288,370000,370000
2016-04-24 22:02:58.563000,1.12296,1.12288,750000,370000
2016-04-24 22:02:58.614000,1.12298,1.12288,750000,370000
2016-04-24 22:02:58.716000,1.12295,1.12285,750000,6370000
2016-04-24 22:02:59.426000,1.12295,1.12288,750000,750000
2016-04-24 22:02:59.644000,1.12295,1.12285,750000,6370000
2016-04-24 22:02:59.746000,1.12294,1.12287,750000,750000
2016-04-24 22:03:00.151000,1.12295,1.12285,750000,3000000
2016-04-24 22:03:00.253000,1.12297,1.12286,1990000,750000
2016-04-24 22:03:00.342000,1.12293,1.12286,750000,1500000
2016-04-24 22:03:00.393000,1.12293,1.12284,750000,3750000
2016-04-24 22:03:00.445000,1.12292,1.12288,750000,750000
2016-04-24 22:03:00.547000,1.12300,1.12295,2250000,750000
2016-04-24 22:03:00.598000,1.12304,1.12296,750000,750000
2016-04-24 22:03:00.649000,1.12306,1.12298,1500000,750000
2016-04-24 22:03:00.700000,1.12311,1.12298,750000,750000
2016-04-24 22:03:01.208000,1.12311,1.12299,750000,1500000
2016-04-24 22:03:01.715000,1.12311,1.12298,2250000,750000
2016-04-24 22:03:02.260000,1.12311,1.12297,3000000,2250000
2016-04-24 22:03:07.380000,1.12312,1.12297,5400000,3750000
2016-04-24 22:03:08.432000,1.12311,1.12297,750000,3750000
2016-04-24 22:03:16.072000,1.12312,1.12297,4500000,4500000
2016-04-24 22:03:16.598000,1.12311,1.12297,750000,4500000
2016-04-24 22:03:17.250000,1.12311,1.12299,750000,2250000
2016-04-24 22:03:17.353000,1.12314,1.12301,3000000,2250000
2016-04-24 22:03:25.270000,1.12315,1.12301,1870000,3750000
2016-04-24 22:03:28.978000,1.12314,1.12301,750000,3750000
2016-04-24 22:03:31.791000,1.12313,1.12301,750000,1500000
2016-04-24 22:03:32.319000,1.12314,1.12301,1500000,1500000
2016-04-24 22:03:32.841000,1.12314,1.12300,2250000,4500000
2016-04-24 22:03:33.345000,1.12314,1.12301,1500000,1500000
2016-04-24 22:03:34.079000,1.12314,1.12300,2250000,4500000
2016-04-24 22:03:34.631000,1.12314,1.12301,2250000,1500000
2016-04-24 22:03:35.800000,1.12314,1.12300,2250000,4500000
2016-04-24 22:03:37.686000,1.12309,1.12300,100000,4500000
2016-04-24 22:03:37.839000,1.12313,1.12300,750000,4500000
2016-04-24 22:03:42.129000,1.12312,1.12300,750000,5250000
2016-04-24 22:03:42.664000,1.12312,1.12302,750000,1500000
2016-04-24 22:03:42.715000,1.12314,1.12302,750000,1500000
2016-04-24 22:03:42.817000,1.12316,1.12303,1500000,3000000
2016-04-24 22:03:43.374000,1.12315,1.12303,370000,3000000
2016-04-24 22:03:43.898000,1.12315,1.12304,370000,1500000
2016-04-24 22:03:44.425000,1.12316,1.12304,750000,1500000
2016-04-24 22:03:45.176000,1.12313,1.12304,100000,1500000
2016-04-24 22:03:45.705000,1.12314,1.12304,100000,1500000
2016-04-24 22:03:46.290000,1.12313,1.12304,100000,1500000
2016-04-24 22:03:47.608000,1.12313,1.12303,100000,2250000
2016-04-24 22:03:49.262000,1.12312,1.12303,100000,750000
2016-04-24 22:03:49.769000,1.12313,1.12302,100000,4500000
2016-04-24 22:03:54.098000,1.12312,1.12302,100000,1500000
2016-04-24 22:03:54.453000,1.12314,1.12303,100000,1500000
2016-04-24 22:03:54.959000,1.12313,1.12303,100000,1500000
2016-04-24 22:03:59.908000,1.12305,1.12303,750000,1500000
2016-04-24 22:03:59.959000,1.12305,1.12297,2250000,1500000
2016-04-24 22:04:00.060000,1.12302,1.12296,750000,1650000
2016-04-24 22:04:00.416000,1.12300,1.12292,750000,1500000
2016-04-24 22:04:00.517000,1.12304,1.12292,1500000,750000
2016-04-24 22:04:00.569000,1.12306,1.12294,750000,3750000
2016-04-24 22:04:00.874000,1.12306,1.12296,750000,2250000
2016-04-24 22:04:01.399000,1.12306,1.12297,750000,1500000
2016-04-24 22:04:01.501000,1.12306,1.12295,750000,4120000
2016-04-24 22:04:01.552000,1.12311,1.12295,100000,4120000
2016-04-24 22:04:01.762000,1.12311,1.12297,100000,750000
2016-04-24 22:04:02.067000,1.12305,1.12304,750000,1500000
2016-04-24 22:04:02.169000,1.12304,1.12298,750000,1500000
2016-04-24 22:04:02.271000,1.12309,1.12298,3000000,750000
2016-04-24 22:04:02.372000,1.12311,1.12297,2320000,2250000
2016-04-24 22:04:02.677000,1.12298,1.12297,750000,1500000
2016-04-24 22:04:02.779000,1.12298,1.12295,750000,1500000
2016-04-24 22:04:02.831000,1.12294,1.12291,100000,750000
2016-04-24 22:04:03.136000,1.12311,1.12302,100000,1500000
2016-04-24 22:04:03.237000,1.12311,1.12299,100000,3750000
2016-04-24 22:04:03.767000,1.12303,1.12298,1500000,1500000
2016-04-24 22:04:03.971000,1.12295,1.12289,3000000,1570000
2016-04-24 22:04:04.276000,1.12301,1.12288,1500000,1000000
2016-04-24 22:04:04.378000,1.12303,1.12288,2250000,1500000
2016-04-24 22:04:04.885000,1.12303,1.12289,1500000,1570000
2016-04-24 22:04:05.404000,1.12303,1.12288,1500000,1570000
2016-04-24 22:04:05.506000,1.12303,1.12290,1500000,1500000
2016-04-24 22:04:05.607000,1.12305,1.12290,1500000,1500000
2016-04-24 22:04:05.761000,1.12306,1.12293,1000000,1500000
2016-04-24 22:04:05.812000,1.12308,1.12293,2320000,1500000
2016-04-24 22:04:06.350000,1.12308,1.12293,1570000,2250000
2016-04-24 22:04:06.682000,1.12309,1.12294,1000000,1000000
2016-04-24 22:04:06.885000,1.12309,1.12294,1570000,1000000
2016-04-24 22:04:07.572000,1.12308,1.12293,2320000,2250000
2016-04-24 22:04:08.078000,1.12308,1.12293,1570000,1500000
2016-04-24 22:04:09.100000,1.12308,1.12293,2320000,1500000
2016-04-24 22:04:10.651000,1.12306,1.12292,1000000,3000000
2016-04-24 22:04:11.158000,1.12307,1.12292,1570000,2250000
2016-04-24 22:04:12.138000,1.12307,1.12294,1500000,1000000
2016-04-24 22:04:12.444000,1.12309,1.12302,1000000,1500000
2016-04-24 22:04:12.495000,1.12309,1.12299,1500000,1000000
2016-04-24 22:04:12.647000,1.12309,1.12297,1100000,1000000
2016-04-24 22:04:12.707000,1.12309,1.12295,1570000,2250000
2016-04-24 22:04:13.012000,1.12309,1.12297,1570000,1000000
2016-04-24 22:04:13.316000,1.12309,1.12295,1720000,1500000
2016-04-24 22:04:13.570000,1.12307,1.12294,2250000,1500000
2016-04-24 22:04:14.078000,1.12307,1.12293,2250000,1500000
2016-04-24 22:04:14.845000,1.12307,1.12293,2700000,1500000
2016-04-24 22:04:15.606000,1.12307,1.12292,2700000,3000000
2016-04-24 22:04:15.911000,1.12307,1.12294,2620000,1000000
2016-04-24 22:04:16.446000,1.12307,1.12293,2620000,1500000
2016-04-24 22:04:16.953000,1.12307,1.12293,2700000,1500000
2016-04-24 22:04:17.462000,1.12307,1.12293,2620000,1500000
2016-04-24 22:04:17.969000,1.12306,1.12293,1000000,1500000
2016-04-24 22:04:18.634000,1.12306,1.12292,1000000,1500000
2016-04-24 22:04:19.154000,1.12306,1.12295,1000000,1500000
2016-04-24 22:04:19.561000,1.12310,1.12299,1220000,1000000
2016-04-24 22:04:19.766000,1.12310,1.12297,1720000,1000000
2016-04-24 22:04:19.868000,1.12310,1.12297,1570000,1500000
2016-04-24 22:04:20.020000,1.12313,1.12299,1570000,1000000
2016-04-24 22:04:20.324000,1.12316,1.12304,1950000,1150000
2016-04-24 22:04:20.679000,1.12318,1.12306,1070000,1650000
2016-04-24 22:04:20.882000,1.12318,1.12307,1070000,1500000
2016-04-24 22:04:21.188000,1.12307,1.12301,1000000,1720000
2016-04-24 22:04:21.341000,1.12307,1.12301,1000000,1720000
2016-04-24 22:04:21.392000,1.12307,1.12300,1000000,1650000
2016-04-24 22:04:22.221000,1.12308,1.12300,1000000,1650000
2016-04-24 22:04:22.728000,1.12307,1.12300,1000000,1650000
2016-04-24 22:04:23.270000,1.12307,1.12300,1000000,1650000
2016-04-24 22:04:25.675000,1.12307,1.12300,1000000,1650000
2016-04-24 22:04:26.030000,1.12302,1.12297,1120000,3000000
2016-04-24 22:04:26.132000,1.12299,1.12292,1000000,1570000
2016-04-24 22:04:26.234000,1.12299,1.12290,1000000,1000000
2016-04-24 22:04:26.740000,1.12301,1.12289,1120000,3750000
2016-04-24 22:04:31.451000,1.12299,1.12288,1000000,1500000
2016-04-24 22:04:31.957000,1.12301,1.12288,1120000,1500000
2016-04-24 22:04:32.974000,1.12301,1.12289,4500000,1000000
2016-04-24 22:04:33.683000,1.12300,1.12290,1120000,1120000
2016-04-24 22:04:34.545000,1.12300,1.12289,1120000,1500000
2016-04-24 22:04:35.052000,1.12300,1.12290,1120000,1000000
2016-04-24 22:04:35.661000,1.12300,1.12289,1120000,1500000
2016-04-24 22:04:36.372000,1.12301,1.12290,1120000,1000000
2016-04-24 22:04:36.900000,1.12300,1.12289,1120000,2250000
2016-04-24 22:04:39.944000,1.12295,1.12289,1000000,1500000
2016-04-24 22:04:40.096000,1.12298,1.12288,1000000,1500000
2016-04-24 22:04:40.501000,1.12300,1.12288,3750000,1500000
2016-04-24 22:04:43.226000,1.12298,1.12288,1870000,1000000
2016-04-24 22:04:43.277000,1.12298,1.12286,1870000,3150000
2016-04-24 22:04:43.785000,1.12297,1.12285,1950000,6150000
2016-04-24 22:04:49.064000,1.12301,1.12290,2320000,1000000
2016-04-24 22:04:49.115000,1.12302,1.12290,1500000,1000000
2016-04-24 22:04:49.217000,1.12298,1.12290,2620000,1500000
2016-04-24 22:04:49.319000,1.12298,1.12287,2620000,2250000
2016-04-24 22:04:49.370000,1.12299,1.12296,2620000,1000000
2016-04-24 22:04:49.421000,1.12302,1.12298,1000000,1000000
2016-04-24 22:04:49.473000,1.12304,1.12298,1000000,1000000
2016-04-24 22:04:49.684000,1.12304,1.12296,1000000,1000000
2016-04-24 22:04:49.836000,1.12304,1.12293,1500000,1000000
2016-04-24 22:04:49.938000,1.12303,1.12291,1000000,2250000
2016-04-24 22:04:50.192000,1.12303,1.12294,1000000,1000000
2016-04-24 22:04:50.497000,1.12312,1.12305,1070000,1650000
2016-04-24 22:04:50.700000,1.12305,1.12295,1000000,5250000
2016-04-24 22:04:50.830000,1.12305,1.12297,1000000,1500000
2016-04-24 22:04:50.881000,1.12310,1.12298,1500000,1000000
2016-04-24 22:04:51.034000,1.12307,1.12299,1000000,1000000
2016-04-24 22:04:51.187000,1.12307,1.12295,2620000,2250000
2016-04-24 22:04:51.391000,1.12307,1.12298,1000000,1000000
2016-04-24 22:04:51.492000,1.12314,1.12299,4200000,1000000
2016-04-24 22:04:51.544000,1.12307,1.12298,1870000,3000000
2016-04-24 22:04:51.646000,1.12307,1.12296,1000000,1500000
2016-04-24 22:04:51.748000,1.12307,1.12299,1100000,1150000
2016-04-24 22:04:51.901000,1.12307,1.12297,1000000,1000000
2016-04-24 22:04:51.952000,1.12310,1.12297,1500000,1500000
2016-04-24 22:04:52.003000,1.12308,1.12296,1000000,1000000
2016-04-24 22:04:52.397000,1.12310,1.12298,1500000,1000000
2016-04-24 22:04:52.499000,1.12314,1.12300,1570000,1500000
2016-04-24 22:04:52.601000,1.12307,1.12301,1000000,3000000
2016-04-24 22:04:52.706000,1.12308,1.12297,1870000,1070000
2016-04-24 22:04:52.757000,1.12308,1.12296,2620000,2250000
2016-04-24 22:04:53.062000,1.12308,1.12298,1000000,1000000
2016-04-24 22:04:53.164000,1.12315,1.12300,4570000,4500000
2016-04-24 22:04:53.216000,1.12307,1.12300,1000000,6000000
2016-04-24 22:04:53.369000,1.12307,1.12295,1000000,3750000
2016-04-24 22:04:53.625000,1.12308,1.12298,1500000,1000000
2016-04-24 22:04:53.677000,1.12310,1.12298,2250000,1000000
2016-04-24 22:04:53.830000,1.12307,1.12298,1870000,1000000
2016-04-24 22:04:53.881000,1.12307,1.12295,3370000,2250000
2016-04-24 22:04:54.134000,1.12307,1.12293,3370000,2250000
2016-04-24 22:04:54.186000,1.12307,1.12296,1870000,1000000
2016-04-24 22:04:54.490000,1.12314,1.12301,2320000,3000000
2016-04-24 22:04:54.541000,1.12311,1.12302,1000000,1000000
2016-04-24 22:04:54.846000,1.12308,1.12300,1870000,1000000
2016-04-24 22:04:54.998000,1.12307,1.12297,1870000,2250000
2016-04-24 22:04:55.353000,1.12312,1.12300,1370000,1000000
2016-04-24 22:04:55.404000,1.12312,1.12301,1000000,1000000
2016-04-24 22:04:55.607000,1.12309,1.12300,1000000,2250000
2016-04-24 22:04:55.658000,1.12308,1.12298,1870000,2250000
2016-04-24 22:04:56.013000,1.12309,1.12302,1120000,1000000
2016-04-24 22:04:56.065000,1.12312,1.12302,1200000,1000000
2016-04-24 22:04:56.167000,1.12303,1.12300,2500000,5250000
2016-04-24 22:04:56.269000,1.12301,1.12295,1370000,2020000
2016-04-24 22:04:56.474000,1.12304,1.12296,1250000,1000000
2016-04-24 22:04:56.526000,1.12309,1.12295,2250000,3000000
2016-04-24 22:04:56.627000,1.12307,1.12294,1870000,1500000
2016-04-24 22:04:56.932000,1.12301,1.12293,1500000,1000000
2016-04-24 22:04:57.135000,1.12306,1.12297,1000000,1500000
2016-04-24 22:04:57.237000,1.12306,1.12295,1000000,1000000
2016-04-24 22:04:57.288000,1.12306,1.12293,1500000,2250000
2016-04-24 22:04:57.795000,1.12305,1.12294,1000000,1500000
2016-04-24 22:04:57.847000,1.12305,1.12292,1000000,1500000
2016-04-24 22:04:58.353000,1.12304,1.12291,1000000,1500000
2016-04-24 22:04:58.607000,1.12304,1.12289,2250000,3750000
2016-04-24 22:04:58.860000,1.12305,1.12292,1000000,1000000
2016-04-24 22:04:59.164000,1.12305,1.12290,1500000,7120000
2016-04-24 22:04:59.530000,1.12305,1.12292,1500000,1000000
2016-04-24 22:05:00.037000,1.12305,1.12290,1500000,5620000
2016-04-24 22:05:00.543000,1.12304,1.12289,3000000,3750000
2016-04-24 22:05:00.759000,1.12304,1.12292,1000000,1000000
2016-04-24 22:05:00.861000,1.12306,1.12292,1500000,1000000
2016-04-24 22:05:01.367000,1.12305,1.12292,1000000,1000000
2016-04-24 22:05:01.672000,1.12305,1.12290,1500000,5250000
2016-04-24 22:05:01.834000,1.12305,1.12292,1500000,1000000
2016-04-24 22:05:01.938000,1.12307,1.12292,1500000,3750000
2016-04-24 22:05:02.445000,1.12306,1.12292,2320000,1000000
2016-04-24 22:05:02.750000,1.12305,1.12290,1500000,5250000
2016-04-24 22:05:03.055000,1.12305,1.12292,1100000,1500000
2016-04-24 22:05:03.156000,1.12307,1.12292,1500000,3750000
2016-04-24 22:05:03.663000,1.12306,1.12291,2320000,3750000
2016-04-24 22:05:04.243000,1.12306,1.12292,2320000,1000000
2016-04-24 22:05:04.763000,1.12306,1.12291,3000000,3750000
2016-04-24 22:05:05.271000,1.12305,1.12291,1500000,2250000
2016-04-24 22:05:05.625000,1.12307,1.12292,3750000,2250000
2016-04-24 22:05:05.778000,1.12304,1.12293,1000000,1000000
2016-04-24 22:05:05.830000,1.12304,1.12291,1500000,1500000
2016-04-24 22:05:06.287000,1.12304,1.12291,3150000,1500000
2016-04-24 22:05:06.795000,1.12304,1.12290,1650000,1000000
2016-04-24 22:05:07.079000,1.12304,1.12290,1000000,1000000
2016-04-24 22:05:07.590000,1.12304,1.12291,1500000,1500000
2016-04-24 22:05:07.793000,1.12304,1.12291,1650000,1500000
2016-04-24 22:05:08.452000,1.12304,1.12290,3900000,1000000
2016-04-24 22:05:08.963000,1.12304,1.12290,1500000,1000000
2016-04-24 22:05:09.065000,1.12304,1.12290,1650000,1120000
2016-04-24 22:05:09.571000,1.12304,1.12290,3000000,1000000
2016-04-24 22:05:09.875000,1.12304,1.12290,3900000,1000000
2016-04-24 22:05:10.847000,1.12304,1.12289,3900000,3000000
2016-04-24 22:05:11.355000,1.12304,1.12290,1650000,1000000
2016-04-24 22:05:12.888000,1.12304,1.12289,1720000,2250000
2016-04-24 22:05:13.596000,1.12304,1.12290,1720000,1500000
2016-04-24 22:05:14.141000,1.12304,1.12289,1720000,3750000
2016-04-24 22:05:14.699000,1.12304,1.12290,1650000,1500000
2016-04-24 22:05:15.446000,1.12304,1.12289,1720000,3750000
2016-04-24 22:05:15.972000,1.12304,1.12290,1650000,1500000
2016-04-24 22:05:16.074000,1.12304,1.12289,1500000,3750000
2016-04-24 22:05:16.394000,1.12304,1.12291,1500000,1000000
2016-04-24 22:05:16.647000,1.12304,1.12289,2320000,3750000
2016-04-24 22:05:17.693000,1.12304,1.12289,3070000,3750000
2016-04-24 22:05:17.795000,1.12304,1.12291,2320000,1000000
2016-04-24 22:05:17.998000,1.12303,1.12289,1000000,2250000
2016-04-24 22:05:18.507000,1.12304,1.12289,2250000,3750000
2016-04-24 22:05:19.648000,1.12304,1.12289,3070000,3750000
2016-04-24 22:05:20.155000,1.12304,1.12289,1500000,2250000
2016-04-24 22:05:20.814000,1.12304,1.12289,3070000,3750000
2016-04-24 22:05:21.321000,1.12304,1.12289,1500000,3750000
2016-04-24 22:05:21.524000,1.12304,1.12289,1720000,3750000
2016-04-24 22:05:22.002000,1.12304,1.12289,1570000,3750000
2016-04-24 22:05:22.104000,1.12304,1.12289,1650000,3750000
2016-04-24 22:05:22.610000,1.12304,1.12289,1570000,3000000
2016-04-24 22:05:22.661000,1.12302,1.12289,1000000,2250000
2016-04-24 22:05:23.179000,1.12302,1.12288,1720000,3070000
2016-04-24 22:05:23.819000,1.12299,1.12288,1000000,1500000
2016-04-24 22:05:24.174000,1.12302,1.12288,1800000,1500000
2016-04-24 22:05:24.326000,1.12299,1.12288,1000000,1500000
2016-04-24 22:05:24.649000,1.12301,1.12288,3670000,1500000
2016-04-24 22:05:24.751000,1.12300,1.12288,1070000,1500000
2016-04-24 22:05:25.726000,1.12300,1.12287,1070000,3750000
2016-04-24 22:05:26.267000,1.12300,1.12288,1070000,1500000
2016-04-24 22:05:26.826000,1.12300,1.12288,1100000,1500000
2016-04-24 22:05:27.909000,1.12299,1.12287,1220000,1500000
2016-04-24 22:05:28.213000,1.12299,1.12291,1500000,1500000
2016-04-24 22:05:28.316000,1.12306,1.12291,3000000,1500000
2016-04-24 22:05:28.369000,1.12304,1.12291,1500000,1000000
2016-04-24 22:05:28.676000,1.12287,1.12283,1000000,1000000
2016-04-24 22:05:28.728000,1.12290,1.12280,1500000,1570000
2016-04-24 22:05:28.831000,1.12295,1.12281,1570000,1070000
2016-04-24 22:05:28.882000,1.12295,1.12281,1570000,1070000
2016-04-24 22:05:29.188000,1.12296,1.12287,1000000,2250000
2016-04-24 22:05:29.239000,1.12299,1.12289,1150000,1500000
2016-04-24 22:05:29.341000,1.12295,1.12284,1150000,1000000
2016-04-24 22:05:29.443000,1.12295,1.12282,2470000,1000000
2016-04-24 22:05:29.495000,1.12294,1.12282,1100000,1100000
2016-04-24 22:05:29.597000,1.12294,1.12281,1650000,2250000
2016-04-24 22:05:29.699000,1.12293,1.12281,1000000,2250000
2016-04-24 22:05:30.205000,1.12294,1.12279,1000000,3070000
2016-04-24 22:05:30.712000,1.12294,1.12279,3370000,2320000
2016-04-24 22:05:31.218000,1.12293,1.12278,1500000,3150000
2016-04-24 22:05:32.353000,1.12294,1.12279,1500000,1500000
2016-04-24 22:05:32.404000,1.12294,1.12279,2250000,1650000
2016-04-24 22:05:32.506000,1.12290,1.12278,3750000,1100000
2016-04-24 22:05:32.557000,1.12289,1.12277,1070000,1570000
2016-04-24 22:05:32.864000,1.12290,1.12279,1000000,1500000
2016-04-24 22:05:32.915000,1.12293,1.12279,2250000,1500000
2016-04-24 22:05:33.421000,1.12292,1.12278,1500000,1000000
2016-04-24 22:05:33.928000,1.12292,1.12277,1500000,1570000
2016-04-24 22:05:34.436000,1.12289,1.12276,1720000,3070000
2016-04-24 22:05:35.247000,1.12289,1.12276,1650000,2320000
2016-04-24 22:05:35.756000,1.12285,1.12273,1200000,1200000
2016-04-24 22:05:37.346000,1.12284,1.12272,1150000,2620000
2016-04-24 22:05:38.328000,1.12286,1.12274,1950000,2320000
2016-04-24 22:05:38.380000,1.12286,1.12275,1200000,1170000
2016-04-24 22:05:38.481000,1.12289,1.12274,3750000,3750000
2016-04-24 22:05:38.937000,1.12289,1.12274,1650000,3000000
2016-04-24 22:05:39.039000,1.12290,1.12275,2250000,1500000
2016-04-24 22:05:39.545000,1.12291,1.12276,4720000,1500000
2016-04-24 22:05:39.647000,1.12289,1.12274,1650000,3750000
2016-04-24 22:05:40.154000,1.12289,1.12274,1570000,1650000
2016-04-24 22:05:40.255000,1.12288,1.12274,1650000,2320000
2016-04-24 22:05:41.022000,1.12287,1.12272,3450000,1500000
2016-04-24 22:05:41.124000,1.12287,1.12270,5620000,10200000
2016-04-24 22:05:42.598000,1.12287,1.12272,5620000,1000000
2016-04-24 22:05:42.750000,1.12287,1.12271,6150000,1100000
2016-04-24 22:05:43.054000,1.12287,1.12270,5700000,8400000
2016-04-24 22:05:43.105000,1.12287,1.12271,5620000,1370000
2016-04-24 22:05:43.614000,1.12287,1.12270,5620000,6450000
2016-04-24 22:05:44.127000,1.12287,1.12272,3370000,1000000
2016-04-24 22:05:44.731000,1.12286,1.12271,1370000,1000000
2016-04-24 22:05:45.238000,1.12287,1.12272,5620000,1000000
2016-04-24 22:05:45.846000,1.12284,1.12272,1150000,1000000
2016-04-24 22:05:46.152000,1.12287,1.12278,1650000,3370000
2016-04-24 22:05:46.355000,1.12288,1.12281,1100000,1100000
2016-04-24 22:05:46.457000,1.12291,1.12281,1000000,1100000
2016-04-24 22:05:46.609000,1.12294,1.12281,1500000,1100000
2016-04-24 22:05:47.069000,1.12294,1.12281,1650000,1100000
2016-04-24 22:05:47.375000,1.12294,1.12284,1720000,1000000
2016-04-24 22:05:47.477000,1.12294,1.12281,1720000,1100000
2016-04-24 22:05:48.177000,1.12289,1.12281,1000000,1100000
2016-04-24 22:05:48.279000,1.12286,1.12280,1000000,1000000
2016-04-24 22:05:48.496000,1.12286,1.12278,1500000,1500000
2016-04-24 22:05:48.599000,1.12292,1.12278,2400000,1570000
2016-04-24 22:05:48.700000,1.12288,1.12277,1000000,2510000
2016-04-24 22:05:49.005000,1.12282,1.12270,1500000,1650000
2016-04-24 22:05:49.057000,1.12281,1.12270,1500000,1100000
2016-04-24 22:05:49.159000,1.12278,1.12267,1000000,1000000
2016-04-24 22:05:49.579000,1.12278,1.12272,1500000,1120000
2016-04-24 22:05:49.632000,1.12279,1.12269,1500000,1000000
2016-04-24 22:05:49.685000,1.12279,1.12272,1500000,1000000
2016-04-24 22:05:49.788000,1.12279,1.12270,1500000,1000000
2016-04-24 22:05:49.840000,1.12279,1.12266,1500000,1000000
2016-04-24 22:05:50.347000,1.12279,1.12265,3000000,1000000
2016-04-24 22:05:50.399000,1.12276,1.12265,1000000,1000000
2016-04-24 22:05:50.500000,1.12279,1.12267,1500000,1000000
2016-04-24 22:05:50.703000,1.12277,1.12267,1000000,1000000
2016-04-24 22:05:51.015000,1.12277,1.12267,2400000,1000000
2016-04-24 22:05:51.420000,1.12275,1.12264,1200000,1000000
2016-04-24 22:05:51.522000,1.12275,1.12268,1200000,1000000
2016-04-24 22:05:51.877000,1.12276,1.12265,1650000,1000000
2016-04-24 22:05:51.990000,1.12274,1.12265,1000000,1500000
2016-04-24 22:05:52.500000,1.12276,1.12265,1650000,1000000
2016-04-24 22:05:53.078000,1.12276,1.12264,1650000,1000000
2016-04-24 22:05:53.586000,1.12275,1.12265,1200000,1000000
2016-04-24 22:05:54.186000,1.12276,1.12264,1650000,1000000
2016-04-24 22:05:54.697000,1.12276,1.12265,1650000,1000000
2016-04-24 22:05:54.798000,1.12275,1.12263,3520000,1500000
2016-04-24 22:05:55.158000,1.12275,1.12266,1650000,1000000
2016-04-24 22:05:55.411000,1.12275,1.12264,2770000,1000000
2016-04-24 22:05:55.513000,1.12275,1.12266,2770000,1000000
2016-04-24 22:05:55.954000,1.12275,1.12264,1270000,1000000
2016-04-24 22:05:56.460000,1.12278,1.12265,2020000,1000000
2016-04-24 22:05:57.151000,1.12278,1.12264,2020000,1000000
2016-04-24 22:05:57.669000,1.12275,1.12263,1200000,2250000
2016-04-24 22:05:57.728000,1.12273,1.12262,1000000,1000000
2016-04-24 22:05:58.235000,1.12272,1.12261,2250000,1000000
2016-04-24 22:05:58.539000,1.12269,1.12261,1000000,1000000
2016-04-24 22:05:58.741000,1.12272,1.12261,1500000,1000000
2016-04-24 22:05:58.893000,1.12270,1.12262,1200000,1000000
2016-04-24 22:05:59.400000,1.12269,1.12261,1120000,1000000
2016-04-24 22:05:59.907000,1.12270,1.12262,1270000,1000000
2016-04-24 22:06:00.425000,1.12272,1.12261,1650000,1000000
2016-04-24 22:06:01.159000,1.12269,1.12261,1000000,1000000
2016-04-24 22:06:01.694000,1.12270,1.12262,1200000,1000000
2016-04-24 22:06:02.230000,1.12269,1.12262,1120000,1000000
2016-04-24 22:06:02.737000,1.12270,1.12262,1270000,1000000
2016-04-24 22:06:03.041000,1.12270,1.12264,1270000,1000000
2016-04-24 22:06:03.143000,1.12270,1.12262,1270000,1000000
2016-04-24 22:06:05.411000,1.12268,1.12262,1000000,1000000
2016-04-24 22:06:06.878000,1.12268,1.12258,1100000,3370000
2016-04-24 22:06:07.030000,1.12273,1.12258,1720000,3370000
2016-04-24 22:06:07.654000,1.12273,1.12261,1720000,1000000
2016-04-24 22:06:08.629000,1.12273,1.12261,1720000,1000000
2016-04-24 22:06:09.149000,1.12273,1.12261,1720000,1000000
2016-04-24 22:06:10.752000,1.12273,1.12261,1720000,1000000
2016-04-24 22:06:11.090000,1.12273,1.12264,1720000,1000000
2016-04-24 22:06:11.192000,1.12272,1.12262,2470000,1000000
2016-04-24 22:06:11.726000,1.12272,1.12261,2400000,1000000
2016-04-24 22:06:12.232000,1.12272,1.12260,3900000,1000000
2016-04-24 22:06:12.284000,1.12272,1.12262,2400000,1000000
2016-04-24 22:06:12.957000,1.12272,1.12261,1570000,1000000
2016-04-24 22:06:13.059000,1.12272,1.12259,1570000,1000000
2016-04-24 22:06:13.615000,1.12272,1.12259,1570000,1000000
2016-04-24 22:06:14.144000,1.12272,1.12259,1570000,1000000
2016-04-24 22:06:15.409000,1.12271,1.12259,1720000,1000000
