time,ask,bid,ask_volume,bid_volume
2016-05-30 00:00:00.370000,1.11087,1.11080,1690000,3000000
2016-05-30 00:00:00.877000,1.11085,1.11080,1000000,1500000
2016-05-30 00:00:01.723000,1.11086,1.11080,1120000,1000000
2016-05-30 00:00:02.250000,1.11085,1.11080,1120000,1000000
2016-05-30 00:00:02.791000,1.11085,1.11079,5810000,1000000
2016-05-30 00:00:03.297000,1.11083,1.11079,1250000,1000000
2016-05-30 00:00:03.822000,1.11083,1.11080,1250000,1000000
2016-05-30 00:00:04.733000,1.11083,1.11081,1250000,1000000
2016-05-30 00:00:05.076000,1.11083,1.11080,1250000,1000000
2016-05-30 00:00:06.917000,1.11084,1.11080,2620000,1000000
2016-05-30 00:00:08.181000,1.11083,1.11080,1000000,1000000
2016-05-30 00:00:08.485000,1.11084,1.11082,1500000,1000000
2016-05-30 00:00:09.005000,1.11085,1.11083,3000000,1000000
2016-05-30 00:00:10.059000,1.11085,1.11082,3000000,1000000
2016-05-30 00:00:10.574000,1.11085,1.11083,2250000,1000000
2016-05-30 00:00:11.261000,1.11085,1.11083,3000000,1000000
2016-05-30 00:00:11.781000,1.11085,1.11082,3750000,1000000
2016-05-30 00:00:12.287000,1.11084,1.11082,1000000,1000000
2016-05-30 00:00:13.675000,1.11085,1.11082,3750000,1000000
2016-05-30 00:00:14.396000,1.11085,1.11082,1000000,1000000
2016-05-30 00:00:17.697000,1.11086,1.11083,3000000,1000000
2016-05-30 00:00:18.850000,1.11085,1.11083,1000000,1000000
2016-05-30 00:00:19.358000,1.11085,1.11082,1870000,1000000
2016-05-30 00:00:21.008000,1.11086,1.11083,2700000,1000000
2016-05-30 00:00:21.514000,1.11085,1.11083,1000000,1000000
2016-05-30 00:00:24.838000,1.11085,1.11083,1000000,1000000
2016-05-30 00:00:27.947000,1.11084,1.11082,1000000,1000000
2016-05-30 00:00:28.458000,1.11085,1.11083,1000000,1000000
2016-05-30 00:00:29.044000,1.11085,1.11083,1000000,1000000
2016-05-30 00:00:29.754000,1.11085,1.11083,1000000,1000000
2016-05-30 00:00:31.233000,1.11085,1.11083,1000000,1000000
2016-05-30 00:00:31.538000,1.11086,1.11084,2620000,1000000
2016-05-30 00:00:31.826000,1.11086,1.11083,3000000,1000000
2016-05-30 00:00:32.332000,1.11086,1.11082,2620000,1000000
2016-05-30 00:00:32.876000,1.11085,1.11082,1000000,1000000
2016-05-30 00:00:35.745000,1.11085,1.11083,1000000,1000000
2016-05-30 00:00:37.372000,1.11086,1.11083,1870000,1000000
2016-05-30 00:00:42.539000,1.11086,1.11084,1120000,1000000
2016-05-30 00:00:43.739000,1.11086,1.11083,1120000,1000000
2016-05-30 00:00:44.268000,1.11086,1.11084,1120000,1000000
2016-05-30 00:00:45.875000,1.11086,1.11083,1000000,1000000
2016-05-30 00:00:47.393000,1.11088,1.11084,5250000,3000000
2016-05-30 00:00:47.445000,1.11088,1.11086,1500000,1000000
2016-05-30 00:00:47.547000,1.11088,1.11085,2250000,1000000
2016-05-30 00:00:48.281000,1.11088,1.11084,1000000,4500000
2016-05-30 00:00:48.687000,1.11089,1.11086,2700000,1000000
2016-05-30 00:00:49.064000,1.11089,1.11084,1200000,2250000
2016-05-30 00:00:52.423000,1.11087,1.11084,1000000,4500000
2016-05-30 00:00:52.930000,1.11086,1.11083,1120000,1000000
2016-05-30 00:00:53.436000,1.11084,1.11082,1120000,1000000
2016-05-30 00:00:53.947000,1.11084,1.11081,1120000,1000000
2016-05-30 00:00:54.455000,1.11084,1.11081,2250000,1000000
2016-05-30 00:00:55.251000,1.11084,1.11082,2250000,1000000
2016-05-30 00:00:55.759000,1.11083,1.11081,1000000,1000000
2016-05-30 00:00:58.015000,1.11082,1.11081,1000000,1000000
2016-05-30 00:00:58.997000,1.11083,1.11081,1000000,1000000
2016-05-30 00:01:00.009000,1.11082,1.11080,1000000,1000000
2016-05-30 00:01:01.078000,1.11082,1.11080,1000000,1000000
2016-05-30 00:01:02.592000,1.11083,1.11080,3370000,1000000
2016-05-30 00:01:02.896000,1.11083,1.11081,1500000,1000000
2016-05-30 00:01:03.504000,1.11083,1.11080,1500000,1000000
2016-05-30 00:01:04.007000,1.11082,1.11080,1000000,1000000
2016-05-30 00:01:04.530000,1.11083,1.11080,1500000,1000000
2016-05-30 00:01:05.038000,1.11082,1.11080,1000000,1000000
2016-05-30 00:01:05.576000,1.11083,1.11081,1500000,1000000
2016-05-30 00:01:06.386000,1.11082,1.11080,1000000,1000000
2016-05-30 00:01:06.910000,1.11083,1.11080,1500000,1000000
2016-05-30 00:01:07.997000,1.11083,1.11081,1000000,1000000
2016-05-30 00:01:09.494000,1.11083,1.11080,1000000,1000000
2016-05-30 00:01:12.957000,1.11082,1.11080,1370000,1000000
2016-05-30 00:01:14.962000,1.11082,1.11079,1370000,1000000
2016-05-30 00:01:17.986000,1.11084,1.11080,4120000,1000000
2016-05-30 00:01:19.722000,1.11082,1.11079,1370000,1000000
2016-05-30 00:01:20.230000,1.11082,1.11079,1370000,1000000
2016-05-30 00:01:21.480000,1.11082,1.11080,1370000,1000000
2016-05-30 00:01:21.987000,1.11082,1.11079,1870000,1000000
2016-05-30 00:01:22.881000,1.11082,1.11079,2620000,1000000
2016-05-30 00:01:23.785000,1.11082,1.11078,2620000,1500000
2016-05-30 00:01:24.292000,1.11081,1.11078,1370000,1500000
2016-05-30 00:01:26.686000,1.11082,1.11078,2620000,1500000
2016-05-30 00:01:27.286000,1.11082,1.11078,3370000,1500000
2016-05-30 00:01:29.408000,1.11081,1.11077,1500000,1500000
2016-05-30 00:01:31.449000,1.11080,1.11076,1870000,1870000
2016-05-30 00:01:31.864000,1.11074,1.11073,2250000,1000000
2016-05-30 00:01:32.383000,1.11074,1.11072,2250000,1120000
2016-05-30 00:01:32.687000,1.11074,1.11073,1000000,1000000
2016-05-30 00:01:33.214000,1.11074,1.11073,2250000,1000000
2016-05-30 00:01:33.955000,1.11074,1.11073,2250000,1000000
2016-05-30 00:01:35.163000,1.11075,1.11073,7500000,1000000
2016-05-30 00:01:35.710000,1.11074,1.11072,1000000,1000000
2016-05-30 00:01:35.761000,1.11074,1.11072,2250000,1120000
2016-05-30 00:01:36.065000,1.11074,1.11073,2250000,1000000
2016-05-30 00:01:38.367000,1.11074,1.11072,2620000,1000000
2016-05-30 00:01:39.010000,1.11073,1.11072,1310000,1120000
2016-05-30 00:01:39.364000,1.11075,1.11071,1310000,1370000
2016-05-30 00:01:39.771000,1.11075,1.11073,1310000,1000000
2016-05-30 00:01:40.286000,1.11076,1.11074,3560000,1000000
2016-05-30 00:01:42.042000,1.11075,1.11074,1310000,1000000
2016-05-30 00:01:44.263000,1.11075,1.11073,1250000,1000000
2016-05-30 00:01:45.749000,1.11076,1.11074,1310000,1000000
2016-05-30 00:01:46.285000,1.11077,1.11075,6560000,1000000
2016-05-30 00:01:48.039000,1.11075,1.11073,1310000,1000000
2016-05-30 00:01:51.515000,1.11075,1.11072,1250000,1950000
2016-05-30 00:01:53.478000,1.11076,1.11074,1310000,1000000
2016-05-30 00:01:53.580000,1.11075,1.11072,1250000,1950000
2016-05-30 00:01:54.202000,1.11075,1.11074,1250000,1000000
2016-05-30 00:01:54.254000,1.11076,1.11075,1250000,1100000
2016-05-30 00:01:54.305000,1.11078,1.11076,1000000,1120000
2016-05-30 00:01:54.356000,1.11079,1.11076,1000000,1000000
2016-05-30 00:01:54.458000,1.11080,1.11079,1250000,1000000
2016-05-30 00:01:54.864000,1.11082,1.11080,5810000,1000000
2016-05-30 00:01:57.261000,1.11080,1.11078,1250000,1120000
2016-05-30 00:01:57.567000,1.11082,1.11081,1000000,1120000
2016-05-30 00:01:57.618000,1.11084,1.11082,1120000,1000000
2016-05-30 00:01:57.810000,1.11084,1.11082,1000000,1000000
2016-05-30 00:01:57.861000,1.11084,1.11079,1000000,10120000
2016-05-30 00:01:57.964000,1.11086,1.11081,1870000,4870000
2016-05-30 00:01:58.471000,1.11085,1.11083,3000000,1000000
2016-05-30 00:01:59.007000,1.11084,1.11082,1000000,1000000
2016-05-30 00:01:59.516000,1.11086,1.11084,5620000,1000000
2016-05-30 00:02:00.292000,1.11086,1.11084,6370000,1000000
2016-05-30 00:02:01.279000,1.11086,1.11083,6560000,1000000
2016-05-30 00:02:01.786000,1.11086,1.11083,1620000,1000000
2016-05-30 00:02:02.876000,1.11086,1.11083,1250000,1000000
2016-05-30 00:02:05.413000,1.11086,1.11082,1250000,1500000
2016-05-30 00:02:06.083000,1.11086,1.11082,1620000,1500000
2016-05-30 00:02:06.598000,1.11086,1.11082,3190000,1500000
2016-05-30 00:02:10.902000,1.11085,1.11082,1000000,1500000
2016-05-30 00:02:11.441000,1.11086,1.11082,6560000,1500000
2016-05-30 00:02:12.046000,1.11086,1.11082,7690000,1000000
2016-05-30 00:02:12.919000,1.11084,1.11081,3940000,1000000
2016-05-30 00:02:13.021000,1.11083,1.11078,4310000,1570000
2016-05-30 00:02:13.972000,1.11083,1.11080,3560000,1000000
2016-05-30 00:02:14.713000,1.11082,1.11080,1000000,1000000
2016-05-30 00:02:16.168000,1.11082,1.11080,2060000,1000000
2016-05-30 00:02:20.260000,1.11082,1.11080,1250000,1500000
2016-05-30 00:02:20.412000,1.11084,1.11081,3000000,1000000
2016-05-30 00:02:20.967000,1.11082,1.11080,1690000,1000000
2016-05-30 00:02:21.477000,1.11081,1.11080,1250000,1000000
2016-05-30 00:02:22.296000,1.11081,1.11079,4690000,1000000
2016-05-30 00:02:22.348000,1.11081,1.11077,7310000,2250000
2016-05-30 00:02:22.449000,1.11080,1.11079,1000000,1000000
2016-05-30 00:02:22.551000,1.11080,1.11077,1000000,1500000
2016-05-30 00:02:22.602000,1.11079,1.11077,1250000,1500000
2016-05-30 00:02:25.440000,1.11078,1.11076,1250000,1500000
2016-05-30 00:02:25.825000,1.11076,1.11074,1250000,1500000
2016-05-30 00:02:26.332000,1.11075,1.11074,1250000,1500000
2016-05-30 00:02:27.894000,1.11075,1.11073,1250000,1500000
2016-05-30 00:02:28.946000,1.11075,1.11074,1250000,1000000
2016-05-30 00:02:31.376000,1.11076,1.11075,1250000,1000000
2016-05-30 00:02:31.528000,1.11077,1.11076,1000000,1000000
2016-05-30 00:02:32.052000,1.11078,1.11076,1000000,1000000
2016-05-30 00:02:34.829000,1.11078,1.11077,1000000,1000000
2016-05-30 00:02:37.781000,1.11079,1.11077,1250000,1000000
2016-05-30 00:02:38.288000,1.11079,1.11076,2440000,2250000
2016-05-30 00:02:39.940000,1.11079,1.11077,1250000,1000000
2016-05-30 00:02:40.676000,1.11079,1.11078,1250000,1000000
2016-05-30 00:02:41.182000,1.11080,1.11078,1250000,1000000
2016-05-30 00:02:41.859000,1.11080,1.11077,1250000,2620000
2016-05-30 00:02:42.382000,1.11080,1.11078,1250000,1000000
2016-05-30 00:02:42.484000,1.11081,1.11080,1250000,1000000
2016-05-30 00:02:45.528000,1.11079,1.11077,1190000,1570000
2016-05-30 00:02:45.782000,1.11079,1.11077,1190000,1000000
2016-05-30 00:02:45.884000,1.11079,1.11077,1250000,1000000
2016-05-30 00:02:46.421000,1.11079,1.11078,1250000,1000000
2016-05-30 00:02:46.776000,1.11079,1.11076,1250000,2250000
2016-05-30 00:02:47.290000,1.11079,1.11077,1250000,1000000
2016-05-30 00:02:47.793000,1.11079,1.11078,1250000,1000000
2016-05-30 00:02:47.995000,1.11079,1.11076,1250000,2620000
2016-05-30 00:02:50.006000,1.11079,1.11077,1250000,1000000
2016-05-30 00:02:51.276000,1.11079,1.11078,1250000,1000000
2016-05-30 00:02:51.378000,1.11079,1.11076,1250000,2250000
2016-05-30 00:02:51.909000,1.11080,1.11076,1250000,2250000
2016-05-30 00:02:53.424000,1.11080,1.11077,1500000,1000000
2016-05-30 00:02:57.589000,1.11081,1.11077,7120000,1000000
2016-05-30 00:02:58.902000,1.11080,1.11077,1120000,1000000
2016-05-30 00:02:59.426000,1.11078,1.11076,1000000,1000000
2016-05-30 00:02:59.961000,1.11079,1.11076,2620000,1000000
2016-05-30 00:03:00.683000,1.11079,1.11076,2250000,1000000
2016-05-30 00:03:01.205000,1.11079,1.11076,2250000,1000000
2016-05-30 00:03:01.711000,1.11080,1.11076,1370000,1000000
2016-05-30 00:03:02.375000,1.11081,1.11076,3000000,1370000
2016-05-30 00:03:05.536000,1.11080,1.11076,1370000,1120000
2016-05-30 00:03:06.731000,1.11081,1.11076,3000000,1370000
2016-05-30 00:03:12.421000,1.11080,1.11076,4120000,1500000
2016-05-30 00:03:14.478000,1.11079,1.11074,1370000,5810000
2016-05-30 00:03:15.429000,1.11079,1.11074,2620000,9560000
2016-05-30 00:03:16.036000,1.11079,1.11075,1500000,2250000
2016-05-30 00:03:16.138000,1.11081,1.11076,5320000,1870000
2016-05-30 00:03:16.240000,1.11081,1.11076,2250000,3750000
2016-05-30 00:03:16.443000,1.11080,1.11076,1000000,2250000
2016-05-30 00:03:16.866000,1.11082,1.11078,3820000,1000000
2016-05-30 00:03:17.069000,1.11080,1.11076,1000000,2250000
2016-05-30 00:03:18.946000,1.11080,1.11076,1370000,1500000
2016-05-30 00:03:19.453000,1.11080,1.11076,2620000,1000000
2016-05-30 00:03:20.185000,1.11080,1.11076,2620000,1500000
2016-05-30 00:03:21.492000,1.11080,1.11076,2620000,1500000
2016-05-30 00:03:22.477000,1.11080,1.11076,3000000,1000000
2016-05-30 00:03:30.963000,1.11078,1.11074,1120000,3070000
2016-05-30 00:03:31.473000,1.11079,1.11075,1370000,1500000
2016-05-30 00:03:31.981000,1.11078,1.11077,1120000,1350000
2016-05-30 00:03:32.500000,1.11080,1.11076,1620000,1000000
2016-05-30 00:03:39.710000,1.11080,1.11075,2060000,3750000
2016-05-30 00:03:41.606000,1.11078,1.11074,1870000,5250000
2016-05-30 00:03:41.912000,1.11074,1.11072,1310000,1500000
2016-05-30 00:03:42.165000,1.11074,1.11070,1470000,4010000
2016-05-30 00:03:42.419000,1.11074,1.11072,1160000,1000000
2016-05-30 00:03:42.595000,1.11074,1.11072,1250000,1000000
2016-05-30 00:03:42.647000,1.11074,1.11071,1320000,1100000
2016-05-30 00:03:42.749000,1.11074,1.11072,1250000,1000000
2016-05-30 00:03:44.039000,1.11077,1.11076,1120000,1000000
2016-05-30 00:03:44.477000,1.11078,1.11076,1000000,1000000
2016-05-30 00:03:44.832000,1.11080,1.11076,2440000,1000000
2016-05-30 00:03:45.886000,1.11080,1.11075,8060000,1000000
2016-05-30 00:03:46.350000,1.11077,1.11075,1000000,1000000
2016-05-30 00:03:46.451000,1.11080,1.11075,8810000,1000000
2016-05-30 00:03:47.004000,1.11079,1.11075,1370000,1000000
2016-05-30 00:03:50.800000,1.11078,1.11074,1120000,1870000
2016-05-30 00:03:51.305000,1.11079,1.11075,3000000,1000000
2016-05-30 00:03:51.631000,1.11076,1.11075,1000000,1000000
2016-05-30 00:03:52.017000,1.11074,1.11072,1300000,1870000
2016-05-30 00:03:52.272000,1.11074,1.11070,1350000,3000000
2016-05-30 00:03:52.477000,1.11074,1.11071,2470000,1000000
2016-05-30 00:03:55.660000,1.11074,1.11071,2470000,1000000
2016-05-30 00:03:55.763000,1.11072,1.11070,2100000,1500000
2016-05-30 00:03:56.269000,1.11073,1.11070,3970000,1500000
2016-05-30 00:03:57.841000,1.11073,1.11070,3220000,1500000
2016-05-30 00:03:58.885000,1.11073,1.11071,1870000,1000000
2016-05-30 00:03:59.335000,1.11075,1.11072,7120000,1000000
2016-05-30 00:03:59.841000,1.11075,1.11072,5620000,1000000
2016-05-30 00:04:00.345000,1.11075,1.11073,4120000,1000000
2016-05-30 00:04:00.953000,1.11074,1.11072,1500000,1000000
2016-05-30 00:04:01.206000,1.11073,1.11071,2100000,1000000
2016-05-30 00:04:01.624000,1.11073,1.11071,1120000,1000000
2016-05-30 00:04:03.205000,1.11074,1.11072,3000000,1000000
2016-05-30 00:04:03.959000,1.11073,1.11071,2250000,2320000
2016-05-30 00:04:04.162000,1.11073,1.11070,2470000,3000000
2016-05-30 00:04:04.466000,1.11073,1.11071,3000000,1500000
2016-05-30 00:04:04.967000,1.11073,1.11071,3220000,1000000
2016-05-30 00:04:05.493000,1.11073,1.11071,3220000,1000000
2016-05-30 00:04:07.128000,1.11073,1.11071,3220000,1000000
2016-05-30 00:04:07.634000,1.11073,1.11071,3600000,2250000
2016-05-30 00:04:08.180000,1.11074,1.11072,3750000,2500000
2016-05-30 00:04:08.738000,1.11074,1.11072,1620000,1000000
2016-05-30 00:04:09.330000,1.11075,1.11073,4120000,1000000
2016-05-30 00:04:09.381000,1.11075,1.11073,4120000,1000000
2016-05-30 00:04:09.939000,1.11075,1.11072,3370000,2250000
2016-05-30 00:04:10.341000,1.11073,1.11071,1000000,2250000
2016-05-30 00:04:10.494000,1.11074,1.11072,1120000,1000000
2016-05-30 00:04:11.357000,1.11075,1.11072,7120000,1000000
2016-05-30 00:04:13.691000,1.11074,1.11072,1250000,1000000
2016-05-30 00:04:14.236000,1.11074,1.11072,4870000,1000000
2016-05-30 00:04:15.338000,1.11074,1.11073,4870000,1000000
2016-05-30 00:04:16.045000,1.11073,1.11072,1000000,2250000
2016-05-30 00:04:16.652000,1.11075,1.11072,5250000,2250000
2016-05-30 00:04:17.029000,1.11073,1.11071,1190000,3820000
2016-05-30 00:04:17.384000,1.11075,1.11072,1000000,1000000
2016-05-30 00:04:17.486000,1.11073,1.11071,1000000,3820000
2016-05-30 00:04:17.638000,1.11074,1.11072,1500000,1000000
2016-05-30 00:04:19.548000,1.11074,1.11073,1500000,1000000
2016-05-30 00:04:20.717000,1.11073,1.11071,1500000,4570000
2016-05-30 00:04:20.768000,1.11072,1.11071,3000000,1000000
2016-05-30 00:04:21.148000,1.11074,1.11072,1870000,1000000
2016-05-30 00:04:21.301000,1.11071,1.11069,1870000,7500000
2016-05-30 00:04:21.555000,1.11074,1.11071,1500000,1000000
2016-05-30 00:04:21.758000,1.11075,1.11073,4200000,1000000
2016-05-30 00:04:25.557000,1.11075,1.11073,4120000,1000000
2016-05-30 00:04:26.063000,1.11075,1.11073,1500000,1500000
2016-05-30 00:04:30.263000,1.11076,1.11074,4870000,1000000
2016-05-30 00:04:33.566000,1.11075,1.11072,2250000,2810000
2016-05-30 00:04:33.972000,1.11074,1.11072,1870000,1000000
2016-05-30 00:04:34.175000,1.11075,1.11073,5620000,1000000
2016-05-30 00:04:34.855000,1.11075,1.11072,6000000,1500000
2016-05-30 00:04:35.699000,1.11075,1.11072,5620000,1500000
2016-05-30 00:04:36.691000,1.11075,1.11073,5620000,1000000
2016-05-30 00:04:38.790000,1.11075,1.11072,5620000,1500000
2016-05-30 00:04:41.685000,1.11075,1.11073,4870000,1000000
2016-05-30 00:04:46.509000,1.11075,1.11072,8250000,1500000
2016-05-30 00:04:47.017000,1.11075,1.11073,6000000,1000000
2016-05-30 00:04:48.269000,1.11075,1.11072,8250000,1000000
2016-05-30 00:04:48.802000,1.11075,1.11073,8250000,1000000
2016-05-30 00:04:52.576000,1.11075,1.11073,5250000,1000000
2016-05-30 00:04:53.696000,1.11073,1.11072,1000000,1500000
2016-05-30 00:04:53.899000,1.11073,1.11071,1000000,2510000
2016-05-30 00:04:53.950000,1.11074,1.11072,2620000,1000000
2016-05-30 00:04:54.001000,1.11075,1.11073,9750000,1000000
2016-05-30 00:04:54.102000,1.11074,1.11072,2620000,1500000
2016-05-30 00:04:54.662000,1.11074,1.11073,2620000,1000000
2016-05-30 00:04:56.216000,1.11074,1.11073,1000000,1000000
2016-05-30 00:04:56.520000,1.11075,1.11072,3750000,1760000
2016-05-30 00:04:56.622000,1.11075,1.11073,3750000,1000000
2016-05-30 00:04:57.192000,1.11076,1.11074,9560000,1000000
2016-05-30 00:04:57.737000,1.11075,1.11073,3750000,1000000
2016-05-30 00:05:00.925000,1.11075,1.11073,2620000,1000000
2016-05-30 00:05:01.443000,1.11075,1.11072,2620000,1690000
2016-05-30 00:05:04.900000,1.11073,1.11071,1000000,4760000
2016-05-30 00:05:05.208000,1.11071,1.11070,1120000,3000000
2016-05-30 00:05:06.063000,1.11071,1.11070,1870000,2250000
2016-05-30 00:05:06.570000,1.11071,1.11069,1370000,3000000
2016-05-30 00:05:07.731000,1.11071,1.11070,1120000,1500000
2016-05-30 00:05:08.237000,1.11072,1.11071,6370000,1000000
2016-05-30 00:05:09.125000,1.11072,1.11070,6370000,2250000
2016-05-30 00:05:09.631000,1.11072,1.11071,6370000,1000000
2016-05-30 00:05:10.340000,1.11072,1.11069,6370000,3000000
2016-05-30 00:05:10.670000,1.11071,1.11069,4490000,3750000
2016-05-30 00:05:10.774000,1.11068,1.11066,1500000,5510000
2016-05-30 00:05:10.876000,1.11071,1.11068,2620000,1000000
2016-05-30 00:05:10.927000,1.11071,1.11070,1870000,1000000
2016-05-30 00:05:10.978000,1.11073,1.11070,2620000,1000000
2016-05-30 00:05:11.131000,1.11073,1.11072,2250000,1000000
2016-05-30 00:05:11.637000,1.11073,1.11071,2250000,1000000
2016-05-30 00:05:12.173000,1.11073,1.11071,1500000,1000000
2016-05-30 00:05:13.186000,1.11074,1.11071,3750000,1000000
2016-05-30 00:05:13.732000,1.11071,1.11070,1000000,2620000
2016-05-30 00:05:13.964000,1.11073,1.11071,2250000,1000000
2016-05-30 00:05:14.489000,1.11073,1.11071,3190000,1000000
2016-05-30 00:05:14.994000,1.11073,1.11071,1500000,1000000
2016-05-30 00:05:18.052000,1.11074,1.11071,4120000,1000000
2016-05-30 00:05:18.598000,1.11073,1.11071,1000000,1000000
2016-05-30 00:05:20.103000,1.11073,1.11072,1500000,1000000
2016-05-30 00:05:20.614000,1.11073,1.11071,3750000,1000000
2016-05-30 00:05:21.494000,1.11072,1.11071,1000000,1000000
2016-05-30 00:05:22.002000,1.11073,1.11071,3750000,1000000
2016-05-30 00:05:25.217000,1.11072,1.11070,1250000,2250000
2016-05-30 00:05:25.765000,1.11073,1.11071,6190000,1000000
2016-05-30 00:05:30.320000,1.11073,1.11072,5060000,1000000
2016-05-30 00:05:32.743000,1.11073,1.11071,5060000,1000000
2016-05-30 00:05:33.640000,1.11073,1.11071,2810000,1000000
2016-05-30 00:05:33.944000,1.11072,1.11070,5250000,1000000
2016-05-30 00:05:35.659000,1.11071,1.11070,2250000,1000000
2016-05-30 00:05:38.051000,1.11074,1.11070,3000000,2620000
2016-05-30 00:05:39.043000,1.11075,1.11071,5810000,1000000
2016-05-30 00:05:40.127000,1.11075,1.11073,1690000,1000000
2016-05-30 00:05:40.635000,1.11077,1.11073,2630000,1000000
2016-05-30 00:05:41.964000,1.11077,1.11074,1880000,1000000
2016-05-30 00:05:42.479000,1.11078,1.11075,1130000,1000000
2016-05-30 00:05:42.784000,1.11078,1.11077,1120000,1000000
2016-05-30 00:05:43.290000,1.11079,1.11075,3750000,1590000
2016-05-30 00:05:45.395000,1.11079,1.11077,4500000,1000000
2016-05-30 00:05:46.856000,1.11079,1.11076,4120000,1120000
2016-05-30 00:05:47.368000,1.11078,1.11075,1000000,1090000
2016-05-30 00:05:47.878000,1.11079,1.11075,4120000,1590000
2016-05-30 00:05:48.569000,1.11075,1.11074,2250000,1000000
2016-05-30 00:05:48.730000,1.11077,1.11073,3750000,3940000
2016-05-30 00:05:49.341000,1.11077,1.11074,3000000,1000000
2016-05-30 00:05:57.886000,1.11076,1.11074,1000000,1690000
2016-05-30 00:05:57.937000,1.11073,1.11071,1500000,4870000
2016-05-30 00:05:58.039000,1.11074,1.11072,1500000,1000000
2016-05-30 00:05:59.334000,1.11075,1.11071,4120000,2440000
2016-05-30 00:06:00.425000,1.11075,1.11071,3750000,2440000
2016-05-30 00:06:01.397000,1.11075,1.11072,1500000,1000000
2016-05-30 00:06:03.701000,1.11073,1.11072,1000000,1500000
2016-05-30 00:06:04.058000,1.11075,1.11072,4500000,1500000
2016-05-30 00:06:05.114000,1.11075,1.11073,2620000,1000000
2016-05-30 00:06:05.844000,1.11074,1.11072,1000000,1000000
2016-05-30 00:06:05.895000,1.11073,1.11071,1500000,1500000
2016-05-30 00:06:05.997000,1.11075,1.11072,4120000,1500000
2016-05-30 00:06:06.503000,1.11075,1.11073,2620000,1000000
2016-05-30 00:06:07.311000,1.11075,1.11072,3000000,1500000
2016-05-30 00:06:07.413000,1.11073,1.11071,1000000,1870000
2016-05-30 00:06:07.717000,1.11074,1.11073,1500000,1000000
2016-05-30 00:06:08.228000,1.11075,1.11073,2810000,1000000
2016-05-30 00:06:08.698000,1.11074,1.11072,1000000,1500000
2016-05-30 00:06:09.004000,1.11072,1.11070,1500000,1500000
2016-05-30 00:06:09.055000,1.11075,1.11070,2890000,3370000
2016-05-30 00:06:09.309000,1.11076,1.11072,7310000,1000000
2016-05-30 00:06:10.017000,1.11075,1.11073,1310000,1000000
2016-05-30 00:06:10.827000,1.11075,1.11073,1310000,1000000
2016-05-30 00:06:11.566000,1.11074,1.11073,1250000,1000000
2016-05-30 00:06:12.855000,1.11074,1.11073,1250000,1000000
2016-05-30 00:06:13.384000,1.11074,1.11072,1250000,1500000
2016-05-30 00:06:13.790000,1.11072,1.11071,1690000,2250000
2016-05-30 00:06:14.322000,1.11074,1.11073,3190000,1000000
2016-05-30 00:06:14.772000,1.11074,1.11072,2440000,1500000
2016-05-30 00:06:17.891000,1.11075,1.11073,4690000,1000000
2016-05-30 00:06:18.095000,1.11074,1.11072,1250000,1500000
2016-05-30 00:06:18.503000,1.11072,1.11071,6000000,3000000
2016-05-30 00:06:18.808000,1.11075,1.11072,3260000,1000000
2016-05-30 00:06:19.062000,1.11076,1.11074,2440000,1000000
2016-05-30 00:06:19.586000,1.11076,1.11073,1870000,1120000
2016-05-30 00:06:20.122000,1.11076,1.11074,1870000,1000000
2016-05-30 00:06:22.043000,1.11076,1.11074,1870000,1000000
2016-05-30 00:06:22.547000,1.11076,1.11074,1870000,1000000
2016-05-30 00:06:23.447000,1.11076,1.11074,1870000,1000000
2016-05-30 00:06:23.883000,1.11073,1.11072,1000000,1500000
2016-05-30 00:06:24.417000,1.11075,1.11073,2440000,1000000
2016-05-30 00:06:25.738000,1.11071,1.11070,1000000,8700000
2016-05-30 00:06:25.941000,1.11070,1.11067,1500000,1200000
2016-05-30 00:06:26.120000,1.11072,1.11067,6000000,2250000
2016-05-30 00:06:26.172000,1.11073,1.11072,7010000,1000000
2016-05-30 00:06:26.324000,1.11075,1.11072,2140000,2250000
2016-05-30 00:06:26.426000,1.11073,1.11070,1250000,1500000
2016-05-30 00:06:26.953000,1.11072,1.11070,1500000,1000000
2016-05-30 00:06:27.939000,1.11072,1.11069,1500000,1000000
2016-05-30 00:06:28.142000,1.11073,1.11072,7310000,1000000
2016-05-30 00:06:28.244000,1.11075,1.11073,1120000,1000000
2016-05-30 00:06:28.497000,1.11074,1.11071,1010000,1000000
2016-05-30 00:06:28.649000,1.11072,1.11070,1000000,1500000
2016-05-30 00:06:29.155000,1.11072,1.11070,3190000,1000000
2016-05-30 00:06:29.717000,1.11072,1.11070,2440000,1000000
2016-05-30 00:06:30.123000,1.11073,1.11071,3940000,1000000
2016-05-30 00:06:30.504000,1.11072,1.11069,2250000,1000000
2016-05-30 00:06:31.474000,1.11069,1.11067,1000000,1880000
2016-05-30 00:06:31.995000,1.11069,1.11068,2250000,1010000
2016-05-30 00:06:32.300000,1.11072,1.11071,3000000,1500000
2016-05-30 00:06:32.554000,1.11075,1.11072,3450000,1000000
2016-05-30 00:06:32.932000,1.11073,1.11072,1500000,1500000
2016-05-30 00:06:33.036000,1.11075,1.11072,2700000,1000000
2016-05-30 00:06:33.341000,1.11073,1.11071,1690000,1000000
2016-05-30 00:06:33.545000,1.11074,1.11072,3000000,1000000
2016-05-30 00:06:33.753000,1.11072,1.11071,1000000,1000000
2016-05-30 00:06:34.276000,1.11072,1.11070,2440000,1870000
2016-05-30 00:06:34.602000,1.11072,1.11070,1500000,1500000
2016-05-30 00:06:35.110000,1.11072,1.11071,2250000,1000000
2016-05-30 00:06:35.262000,1.11076,1.11074,3000000,1000000
2016-05-30 00:06:35.566000,1.11072,1.11071,2440000,1870000
2016-05-30 00:06:37.166000,1.11073,1.11072,2440000,1500000
2016-05-30 00:06:37.268000,1.11074,1.11072,1000000,5440000
2016-05-30 00:06:37.472000,1.11072,1.11070,1500000,1500000
2016-05-30 00:06:37.979000,1.11072,1.11069,2440000,1870000
2016-05-30 00:06:39.079000,1.11073,1.11070,5440000,1000000
2016-05-30 00:06:39.586000,1.11072,1.11071,1500000,1120000
2016-05-30 00:06:40.094000,1.11072,1.11070,1690000,1500000
2016-05-30 00:06:41.151000,1.11073,1.11072,3000000,1000000
2016-05-30 00:06:41.253000,1.11076,1.11072,2890000,3000000
2016-05-30 00:06:41.304000,1.11074,1.11073,1000000,1000000
2016-05-30 00:06:41.558000,1.11076,1.11073,2140000,1500000
2016-05-30 00:06:42.455000,1.11074,1.11073,1000000,1000000
2016-05-30 00:06:42.506000,1.11073,1.11071,1310000,3000000
2016-05-30 00:06:43.014000,1.11073,1.11071,2250000,2250000
2016-05-30 00:06:43.330000,1.11077,1.11074,6940000,1000000
2016-05-30 00:06:43.583000,1.11074,1.11072,1500000,2250000
2016-05-30 00:06:43.685000,1.11072,1.11071,1250000,1870000
2016-05-30 00:06:43.989000,1.11068,1.11066,5250000,6570000
2016-05-30 00:06:44.040000,1.11067,1.11066,3750000,2250000
2016-05-30 00:06:44.091000,1.11067,1.11066,4870000,1870000
2016-05-30 00:06:44.193000,1.11068,1.11066,1000000,1000000
2016-05-30 00:06:44.358000,1.11070,1.11069,1500000,1500000
2016-05-30 00:06:44.612000,1.11071,1.11068,1000000,2260000
2016-05-30 00:06:45.119000,1.11072,1.11070,2250000,1000000
2016-05-30 00:06:45.425000,1.11074,1.11072,1000000,3190000
2016-05-30 00:06:45.865000,1.11074,1.11070,1250000,4120000
2016-05-30 00:06:47.120000,1.11074,1.11072,1250000,1000000
2016-05-30 00:06:47.640000,1.11074,1.11071,1000000,3370000
2016-05-30 00:06:49.104000,1.11074,1.11072,1000000,1000000
2016-05-30 00:06:49.409000,1.11075,1.11074,1500000,1690000
2016-05-30 00:06:49.460000,1.11077,1.11074,5620000,1250000
2016-05-30 00:06:49.967000,1.11077,1.11074,7870000,3190000
2016-05-30 00:06:50.980000,1.11077,1.11074,7870000,2440000
2016-05-30 00:06:52.836000,1.11077,1.11076,2620000,1000000
2016-05-30 00:06:52.887000,1.11078,1.11077,1760000,1500000
2016-05-30 00:06:52.990000,1.11081,1.11079,8140000,1000000
2016-05-30 00:06:53.041000,1.11081,1.11079,4760000,1000000
2016-05-30 00:06:53.193000,1.11081,1.11078,3190000,1500000
2016-05-30 00:06:53.400000,1.11080,1.11078,3040000,1000000
2016-05-30 00:06:53.908000,1.11080,1.11077,5290000,1100000
2016-05-30 00:06:54.415000,1.11080,1.11076,6040000,1950000
2016-05-30 00:06:54.946000,1.11078,1.11076,1000000,4120000
2016-05-30 00:06:55.492000,1.11079,1.11076,2440000,4120000
2016-05-30 00:06:56.076000,1.11079,1.11077,2440000,1000000
2016-05-30 00:06:57.668000,1.11080,1.11078,4240000,1000000
2016-05-30 00:06:57.821000,1.11081,1.11079,1690000,1120000
2016-05-30 00:06:58.126000,1.11080,1.11077,3940000,2770000
2016-05-30 00:06:58.913000,1.11080,1.11076,3190000,1950000
2016-05-30 00:06:59.401000,1.11078,1.11076,1250000,2700000
2016-05-30 00:07:02.113000,1.11079,1.11075,3190000,4120000
2016-05-30 00:07:08.723000,1.11077,1.11075,1190000,2250000
2016-05-30 00:07:08.774000,1.11078,1.11076,2440000,1000000
2016-05-30 00:07:12.973000,1.11080,1.11077,6040000,1000000
2016-05-30 00:07:13.242000,1.11078,1.11076,1000000,1120000
2016-05-30 00:07:13.748000,1.11077,1.11076,1250000,1120000
2016-05-30 00:07:18.939000,1.11079,1.11078,1250000,1000000
2016-05-30 00:07:19.041000,1.11079,1.11077,1250000,1120000
2016-05-30 00:07:19.584000,1.11078,1.11076,3190000,1120000
2016-05-30 00:07:20.490000,1.11078,1.11077,1250000,1000000
2016-05-30 00:07:21.175000,1.11078,1.11076,1690000,1120000
2016-05-30 00:07:24.445000,1.11077,1.11076,1500000,1000000
2016-05-30 00:07:24.547000,1.11077,1.11074,5250000,1570000
2016-05-30 00:07:24.598000,1.11077,1.11074,4870000,1000000
2016-05-30 00:07:24.700000,1.11078,1.11074,2890000,1120000
2016-05-30 00:07:25.221000,1.11077,1.11074,1000000,2620000
2016-05-30 00:07:25.272000,1.11077,1.11073,5620000,4120000
2016-05-30 00:07:25.526000,1.11075,1.11071,2810000,1870000
2016-05-30 00:07:26.049000,1.11074,1.11070,1000000,4870000
2016-05-30 00:07:26.572000,1.11074,1.11070,1000000,4870000
2016-05-30 00:07:27.098000,1.11074,1.11071,1000000,1500000
2016-05-30 00:07:27.149000,1.11075,1.11073,1870000,1000000
2016-05-30 00:07:27.655000,1.11077,1.11073,5440000,3820000
2016-05-30 00:07:28.203000,1.11077,1.11074,1690000,1120000
2016-05-30 00:07:28.761000,1.11077,1.11075,1190000,1000000
2016-05-30 00:07:29.446000,1.11076,1.11074,2810000,1500000
2016-05-30 00:07:29.498000,1.11074,1.11073,1250000,1120000
2016-05-30 00:07:29.802000,1.11072,1.11070,1250000,1500000
2016-05-30 00:07:30.106000,1.11071,1.11069,1370000,1120000
2016-05-30 00:07:30.260000,1.11073,1.11072,1000000,1500000
2016-05-30 00:07:30.722000,1.11072,1.11070,1250000,1500000
2016-05-30 00:07:34.346000,1.11071,1.11070,1000000,1000000
2016-05-30 00:07:34.550000,1.11070,1.11068,1000000,1010000
2016-05-30 00:07:35.059000,1.11069,1.11066,1250000,2710000
2016-05-30 00:07:37.150000,1.11067,1.11066,1000000,1000000
2016-05-30 00:07:37.487000,1.11069,1.11067,1690000,1010000
2016-05-30 00:07:37.589000,1.11070,1.11069,2440000,1000000
2016-05-30 00:07:37.792000,1.11070,1.11068,2060000,2260000
2016-05-30 00:07:37.894000,1.11071,1.11069,4310000,1000000
2016-05-30 00:07:42.176000,1.11071,1.11068,3000000,1120000
2016-05-30 00:07:44.130000,1.11071,1.11067,4120000,1510000
2016-05-30 00:07:44.654000,1.11071,1.11067,4120000,1510000
2016-05-30 00:07:47.477000,1.11071,1.11067,3370000,1010000
2016-05-30 00:07:47.978000,1.11071,1.11067,2620000,1010000
2016-05-30 00:07:49.294000,1.11071,1.11068,3370000,1130000
2016-05-30 00:07:49.802000,1.11071,1.11067,3370000,2260000
2016-05-30 00:07:49.954000,1.11071,1.11069,2620000,1000000
2016-05-30 00:07:50.452000,1.11071,1.11068,3370000,1010000
2016-05-30 00:07:51.690000,1.11071,1.11068,3370000,1010000
2016-05-30 00:07:52.226000,1.11071,1.11068,3370000,1010000
2016-05-30 00:07:53.174000,1.11071,1.11067,4120000,1510000
2016-05-30 00:07:53.697000,1.11071,1.11067,4120000,1880000
2016-05-30 00:07:55.403000,1.11071,1.11069,2620000,1000000
2016-05-30 00:07:56.048000,1.11071,1.11068,4120000,1010000
2016-05-30 00:07:57.302000,1.11071,1.11068,4120000,1010000
2016-05-30 00:07:58.024000,1.11071,1.11068,5620000,1010000
2016-05-30 00:07:58.688000,1.11071,1.11069,3370000,1500000
2016-05-30 00:07:58.789000,1.11072,1.11070,1250000,1500000
2016-05-30 00:07:58.992000,1.11071,1.11068,1000000,1200000
2016-05-30 00:08:00.467000,1.11072,1.11068,5440000,1510000
2016-05-30 00:08:01.065000,1.11071,1.11068,1120000,1000000
2016-05-30 00:08:01.977000,1.11070,1.11068,1000000,1010000
2016-05-30 00:08:02.853000,1.11070,1.11067,1870000,1010000
2016-05-30 00:08:03.360000,1.11071,1.11068,2250000,1510000
2016-05-30 00:08:03.873000,1.11071,1.11069,2250000,1000000
2016-05-30 00:08:07.879000,1.11070,1.11069,1500000,1000000
2016-05-30 00:08:07.930000,1.11068,1.11066,3000000,1870000
2016-05-30 00:08:08.083000,1.11068,1.11065,1070000,1500000
2016-05-30 00:08:08.185000,1.11068,1.11065,1500000,1000000
2016-05-30 00:08:09.332000,1.11067,1.11065,1000000,1000000
2016-05-30 00:08:09.838000,1.11067,1.11064,1690000,1000000
2016-05-30 00:08:10.522000,1.11066,1.11064,1250000,1000000
2016-05-30 00:08:11.905000,1.11066,1.11063,1250000,1100000
2016-05-30 00:08:14.298000,1.11066,1.11064,1250000,1000000
2016-05-30 00:08:14.349000,1.11068,1.11064,4310000,1500000
2016-05-30 00:08:14.860000,1.11068,1.11066,1250000,1000000
2016-05-30 00:08:15.165000,1.11069,1.11068,1250000,1000000
2016-05-30 00:08:15.469000,1.11070,1.11068,3190000,4500000
2016-05-30 00:08:16.110000,1.11070,1.11068,3190000,3000000
2016-05-30 00:08:17.232000,1.11071,1.11068,1000000,3000000
2016-05-30 00:08:19.165000,1.11072,1.11068,5060000,2250000
2016-05-30 00:08:19.284000,1.11073,1.11070,9560000,2500000
2016-05-30 00:08:19.387000,1.11074,1.11073,2250000,1000000
2016-05-30 00:08:19.540000,1.11077,1.11074,1250000,1000000
2016-05-30 00:08:20.249000,1.11078,1.11074,3190000,1000000
2016-05-30 00:08:20.528000,1.11075,1.11074,1000000,1000000
2016-05-30 00:08:20.732000,1.11075,1.11072,3560000,1000000
2016-05-30 00:08:21.746000,1.11075,1.11071,5810000,1500000
2016-05-30 00:08:21.887000,1.11075,1.11073,1000000,2320000
2016-05-30 00:08:21.939000,1.11078,1.11075,1690000,1000000
2016-05-30 00:08:24.834000,1.11076,1.11075,1000000,1000000
2016-05-30 00:08:25.089000,1.11078,1.11075,2360000,1000000
2016-05-30 00:08:25.727000,1.11078,1.11074,1840000,1100000
2016-05-30 00:08:26.334000,1.11078,1.11075,1840000,1000000
2016-05-30 00:08:31.293000,1.11077,1.11075,1000000,1250000
2016-05-30 00:08:31.496000,1.11080,1.11076,5920000,1190000
2016-05-30 00:08:31.815000,1.11080,1.11076,3370000,1190000
2016-05-30 00:08:32.474000,1.11079,1.11076,3000000,1190000
2016-05-30 00:08:32.525000,1.11079,1.11075,4870000,3000000
2016-05-30 00:08:32.677000,1.11076,1.11075,1000000,1000000
2016-05-30 00:08:33.622000,1.11076,1.11073,3220000,1000000
2016-05-30 00:08:34.646000,1.11076,1.11071,3970000,1690000
2016-05-30 00:08:35.322000,1.11076,1.11071,4350000,1690000
2016-05-30 00:08:38.042000,1.11073,1.11068,1500000,4690000
2016-05-30 00:08:38.549000,1.11074,1.11069,3000000,1000000
2016-05-30 00:08:39.055000,1.11073,1.11069,1000000,1000000
2016-05-30 00:08:40.390000,1.11074,1.11069,3750000,1000000
2016-05-30 00:08:41.024000,1.11074,1.11068,3370000,1250000
2016-05-30 00:08:41.531000,1.11072,1.11069,1000000,1000000
2016-05-30 00:08:41.835000,1.11070,1.11067,1500000,2700000
2016-05-30 00:08:42.038000,1.11070,1.11064,5620000,8440000
2016-05-30 00:08:42.546000,1.11069,1.11064,1000000,7390000
2016-05-30 00:08:43.052000,1.11070,1.11064,4500000,5890000
2016-05-30 00:08:43.647000,1.11069,1.11064,1000000,5890000
2016-05-30 00:08:44.804000,1.11070,1.11064,8620000,6640000
2016-05-30 00:08:44.957000,1.11067,1.11064,1000000,8890000
2016-05-30 00:08:45.639000,1.11068,1.11064,1300000,8140000
2016-05-30 00:08:46.145000,1.11069,1.11065,1000000,1620000
2016-05-30 00:08:48.278000,1.11070,1.11065,5250000,2060000
2016-05-30 00:08:48.785000,1.11069,1.11065,1000000,3560000
2016-05-30 00:08:49.913000,1.11070,1.11065,5250000,1620000
2016-05-30 00:08:50.431000,1.11070,1.11065,2250000,1250000
2016-05-30 00:08:51.482000,1.11068,1.11065,1000000,1690000
2016-05-30 00:08:51.684000,1.11070,1.11065,3370000,1690000
2016-05-30 00:08:52.234000,1.11070,1.11065,4500000,2060000
2016-05-30 00:08:52.438000,1.11067,1.11065,1500000,2060000
2016-05-30 00:08:52.697000,1.11063,1.11060,4010000,3000000
2016-05-30 00:08:52.849000,1.11063,1.11062,2250000,1000000
2016-05-30 00:08:53.002000,1.11065,1.11062,2250000,1000000
2016-05-30 00:08:53.509000,1.11065,1.11061,2250000,1000000
2016-05-30 00:08:53.632000,1.11065,1.11064,1500000,6000000
2016-05-30 00:08:53.684000,1.11068,1.11064,2250000,6000000
2016-05-30 00:08:54.194000,1.11068,1.11065,1000000,1000000
2016-05-30 00:08:54.245000,1.11070,1.11065,6370000,1000000
2016-05-30 00:08:56.203000,1.11069,1.11064,1000000,6370000
2016-05-30 00:08:56.623000,1.11066,1.11063,1500000,12820000
2016-05-30 00:08:56.826000,1.11063,1.11061,1690000,1000000
2016-05-30 00:08:57.080000,1.11062,1.11058,2620000,2810000
2016-05-30 00:08:57.131000,1.11060,1.11056,1870000,6000000
2016-05-30 00:08:58.405000,1.11061,1.11057,2620000,2250000
2016-05-30 00:08:58.964000,1.11061,1.11057,2620000,1870000
2016-05-30 00:09:00.376000,1.11058,1.11057,1000000,2250000
2016-05-30 00:09:00.717000,1.11056,1.11052,4950000,1000000
2016-05-30 00:09:01.224000,1.11056,1.11053,2250000,1000000
2016-05-30 00:09:01.742000,1.11056,1.11052,2250000,1120000
2016-05-30 00:09:02.507000,1.11056,1.11053,1500000,1000000
2016-05-30 00:09:02.609000,1.11058,1.11053,1310000,2250000
2016-05-30 00:09:03.185000,1.11058,1.11054,1250000,2620000
2016-05-30 00:09:03.691000,1.11059,1.11055,5440000,1500000
2016-05-30 00:09:04.507000,1.11059,1.11054,5440000,5250000
2016-05-30 00:09:05.014000,1.11059,1.11055,2440000,1120000
2016-05-30 00:09:05.522000,1.11057,1.11054,1000000,1500000
2016-05-30 00:09:06.061000,1.11058,1.11054,1250000,1500000
2016-05-30 00:09:06.638000,1.11057,1.11053,1000000,2620000
2016-05-30 00:09:07.204000,1.11058,1.11053,1690000,1370000
2016-05-30 00:09:10.159000,1.11057,1.11054,1000000,1000000
2016-05-30 00:09:10.665000,1.11058,1.11054,1690000,1500000
2016-05-30 00:09:12.552000,1.11057,1.11053,1000000,3820000
2016-05-30 00:09:13.103000,1.11058,1.11053,1690000,5320000
2016-05-30 00:09:13.611000,1.11057,1.11054,1000000,1120000
2016-05-30 00:09:14.129000,1.11058,1.11053,1690000,4570000
2016-05-30 00:09:17.729000,1.11059,1.11054,5440000,1370000
2016-05-30 00:09:24.531000,1.11058,1.11054,1250000,1870000
2016-05-30 00:09:24.734000,1.11055,1.11053,1000000,3820000
2016-05-30 00:09:25.348000,1.11053,1.11052,1000000,1000000
2016-05-30 00:09:25.652000,1.11054,1.11052,4870000,1000000
2016-05-30 00:09:26.006000,1.11052,1.11051,1000000,1000000
2016-05-30 00:09:26.361000,1.11052,1.11051,1120000,1000000
2016-05-30 00:09:26.891000,1.11052,1.11051,1000000,1000000
2016-05-30 00:09:27.350000,1.11053,1.11051,3000000,1000000
2016-05-30 00:09:27.764000,1.11055,1.11052,1690000,1500000
2016-05-30 00:09:28.019000,1.11054,1.11050,3750000,2510000
2016-05-30 00:09:28.526000,1.11053,1.11050,1500000,1250000
2016-05-30 00:09:29.249000,1.11054,1.11050,4570000,2440000
2016-05-30 00:09:29.756000,1.11054,1.11049,3370000,3560000
2016-05-30 00:09:31.002000,1.11054,1.11050,1500000,2440000
2016-05-30 00:09:31.528000,1.11054,1.11050,4570000,1250000
2016-05-30 00:09:32.390000,1.11053,1.11049,2620000,4690000
2016-05-30 00:09:32.743000,1.11055,1.11051,2440000,1120000
2016-05-30 00:09:32.846000,1.11053,1.11051,1000000,3000000
2016-05-30 00:09:32.999000,1.11054,1.11050,1500000,3000000
2016-05-30 00:09:33.678000,1.11053,1.11050,1690000,1870000
2016-05-30 00:09:34.186000,1.11053,1.11049,2440000,2250000
2016-05-30 00:09:34.490000,1.11051,1.11049,1500000,1120000
2016-05-30 00:09:35.012000,1.11052,1.11049,3940000,1000000
2016-05-30 00:09:35.757000,1.11053,1.11049,3860000,1870000
2016-05-30 00:09:36.122000,1.11053,1.11050,1690000,2250000
2016-05-30 00:09:36.276000,1.11052,1.11049,1000000,3000000
2016-05-30 00:09:36.327000,1.11052,1.11049,1870000,1500000
2016-05-30 00:09:36.834000,1.11051,1.11048,3000000,2060000
2016-05-30 00:09:37.591000,1.11050,1.11047,1000000,5060000
2016-05-30 00:09:38.094000,1.11051,1.11047,1000000,4310000
2016-05-30 00:09:38.742000,1.11051,1.11047,1570000,3560000
2016-05-30 00:09:39.249000,1.11051,1.11047,1000000,3940000
2016-05-30 00:09:40.319000,1.11051,1.11048,2250000,2440000
2016-05-30 00:09:40.980000,1.11052,1.11048,8300000,1250000
2016-05-30 00:09:41.499000,1.11051,1.11048,1450000,2060000
2016-05-30 00:09:42.007000,1.11052,1.11048,4900000,2060000
2016-05-30 00:09:43.155000,1.11051,1.11048,1470000,2060000
2016-05-30 00:09:43.671000,1.11051,1.11047,1860000,5060000
2016-05-30 00:09:45.107000,1.11050,1.11047,2060000,2250000
2016-05-30 00:09:45.270000,1.11049,1.11044,2700000,3000000
2016-05-30 00:09:45.777000,1.11048,1.11044,3600000,1000000
2016-05-30 00:09:47.204000,1.11047,1.11043,1000000,3000000
2016-05-30 00:09:47.709000,1.11046,1.11043,1000000,1000000
2016-05-30 00:09:48.216000,1.11047,1.11043,2810000,1000000
2016-05-30 00:09:49.829000,1.11047,1.11045,1250000,1000000
2016-05-30 00:09:50.395000,1.11048,1.11045,2470000,1000000
2016-05-30 00:09:50.910000,1.11048,1.11046,2470000,1000000
2016-05-30 00:09:51.165000,1.11048,1.11044,2250000,2620000
2016-05-30 00:09:51.679000,1.11048,1.11045,2250000,1000000
2016-05-30 00:09:52.185000,1.11048,1.11044,2250000,1870000
2016-05-30 00:09:52.693000,1.11048,1.11045,3190000,1000000
2016-05-30 00:09:54.088000,1.11048,1.11045,3190000,1370000
2016-05-30 00:09:54.655000,1.11048,1.11045,3190000,1500000
2016-05-30 00:09:55.482000,1.11048,1.11046,3190000,1000000
2016-05-30 00:09:55.997000,1.11049,1.11046,1000000,1000000
2016-05-30 00:09:56.701000,1.11049,1.11045,1000000,5250000
2016-05-30 00:09:57.157000,1.11046,1.11044,1000000,1370000
2016-05-30 00:09:57.310000,1.11043,1.11040,4690000,1500000
2016-05-30 00:09:57.580000,1.11043,1.11041,1000000,1870000
2016-05-30 00:09:57.631000,1.11045,1.11043,2440000,1500000
2016-05-30 00:09:57.733000,1.11047,1.11045,2620000,1000000
2016-05-30 00:09:57.885000,1.11049,1.11044,4010000,2250000
2016-05-30 00:09:58.088000,1.11049,1.11047,1250000,1000000
2016-05-30 00:09:58.603000,1.11050,1.11048,3940000,1000000
2016-05-30 00:09:59.110000,1.11050,1.11046,3940000,1870000
2016-05-30 00:10:00.197000,1.11050,1.11047,3190000,1870000
2016-05-30 00:10:01.328000,1.11050,1.11047,1250000,5620000
2016-05-30 00:10:01.900000,1.11050,1.11048,1250000,1000000
2016-05-30 00:10:02.979000,1.11050,1.11049,1250000,1000000
2016-05-30 00:10:03.502000,1.11050,1.11048,1690000,1120000
2016-05-30 00:10:04.058000,1.11050,1.11049,1250000,1000000
2016-05-30 00:10:04.160000,1.11052,1.11050,1250000,3000000
2016-05-30 00:10:04.211000,1.11053,1.11051,1690000,1000000
2016-05-30 00:10:04.516000,1.11052,1.11048,1690000,6370000
2016-05-30 00:10:04.769000,1.11053,1.11049,1870000,1000000
2016-05-30 00:10:04.820000,1.11053,1.11049,1870000,1370000
2016-05-30 00:10:05.092000,1.11055,1.11051,2810000,1370000
2016-05-30 00:10:05.143000,1.11055,1.11054,2440000,1500000
2016-05-30 00:10:05.245000,1.11058,1.11055,1690000,1000000
2016-05-30 00:10:05.348000,1.11057,1.11055,1000000,1370000
2016-05-30 00:10:05.399000,1.11058,1.11055,1690000,1000000
2016-05-30 00:10:05.451000,1.11058,1.11057,1250000,1000000
2016-05-30 00:10:05.654000,1.11060,1.11055,2060000,1870000
2016-05-30 00:10:05.876000,1.11058,1.11055,1000000,1870000
2016-05-30 00:10:06.028000,1.11052,1.11050,1000000,1000000
2016-05-30 00:10:06.131000,1.11051,1.11047,1250000,2620000
2016-05-30 00:10:06.689000,1.11049,1.11046,1000000,1370000
2016-05-30 00:10:07.224000,1.11050,1.11045,2440000,6450000
2016-05-30 00:10:07.738000,1.11050,1.11046,2440000,1120000
2016-05-30 00:10:08.803000,1.11050,1.11046,2250000,1370000
2016-05-30 00:10:11.412000,1.11050,1.11046,1500000,1870000
2016-05-30 00:10:14.137000,1.11050,1.11046,1000000,1370000
2016-05-30 00:10:14.967000,1.11051,1.11046,2810000,3190000
2016-05-30 00:10:15.476000,1.11049,1.11046,1000000,1370000
2016-05-30 00:10:16.008000,1.11049,1.11045,1220000,1620000
2016-05-30 00:10:17.044000,1.11049,1.11044,2470000,2060000
2016-05-30 00:10:17.437000,1.11046,1.11043,1250000,1950000
2016-05-30 00:10:17.944000,1.11046,1.11042,5810000,1620000
2016-05-30 00:10:18.246000,1.11044,1.11042,1000000,1620000
2016-05-30 00:10:18.753000,1.11045,1.11041,1000000,1660000
2016-05-30 00:10:19.363000,1.11044,1.11041,1000000,1660000
2016-05-30 00:10:19.907000,1.11045,1.11041,3370000,2140000
2016-05-30 00:10:20.414000,1.11044,1.11041,1000000,1660000
2016-05-30 00:10:20.921000,1.11045,1.11042,2620000,1310000
2016-05-30 00:10:21.577000,1.11044,1.11041,1000000,1660000
2016-05-30 00:10:22.084000,1.11045,1.11042,4870000,1310000
2016-05-30 00:10:22.634000,1.11044,1.11041,1000000,1660000
2016-05-30 00:10:23.141000,1.11045,1.11041,1500000,2890000
2016-05-30 00:10:23.529000,1.11043,1.11041,1000000,1390000
2016-05-30 00:10:23.631000,1.11044,1.11041,1720000,1560000
2016-05-30 00:10:24.445000,1.11044,1.11040,1000000,6660000
2016-05-30 00:10:24.746000,1.11042,1.11040,1000000,2080000
2016-05-30 00:10:25.101000,1.11045,1.11040,3560000,7890000
2016-05-30 00:10:25.609000,1.11045,1.11040,6560000,6470000
2016-05-30 00:10:28.884000,1.11045,1.11044,4310000,1500000
2016-05-30 00:10:29.391000,1.11046,1.11042,2060000,1470000
2016-05-30 00:10:29.898000,1.11046,1.11042,5060000,1120000
2016-05-30 00:10:30.204000,1.11045,1.11042,2660000,1120000
2016-05-30 00:10:30.713000,1.11044,1.11040,2100000,1890000
2016-05-30 00:10:31.692000,1.11044,1.11040,1350000,2640000
2016-05-30 00:10:35.643000,1.11045,1.11040,5660000,6390000
2016-05-30 00:10:36.666000,1.11045,1.11040,6410000,3390000
2016-05-30 00:10:37.185000,1.11045,1.11044,3410000,1000000
2016-05-30 00:10:37.237000,1.11047,1.11044,2620000,1500000
2016-05-30 00:10:37.390000,1.11048,1.11044,1870000,7500000
2016-05-30 00:10:43.087000,1.11050,1.11045,3370000,4120000
2016-05-30 00:10:43.629000,1.11049,1.11045,1310000,1500000
2016-05-30 00:10:44.363000,1.11049,1.11045,2060000,2620000
2016-05-30 00:10:45.491000,1.11049,1.11045,2060000,4870000
2016-05-30 00:10:46.164000,1.11049,1.11045,1620000,2250000
2016-05-30 00:10:47.194000,1.11049,1.11045,1310000,2250000
2016-05-30 00:10:47.868000,1.11049,1.11045,2810000,1500000
2016-05-30 00:10:48.375000,1.11049,1.11046,2060000,1120000
2016-05-30 00:10:48.679000,1.11050,1.11046,6560000,1120000
2016-05-30 00:10:49.265000,1.11048,1.11045,1870000,1120000
2016-05-30 00:10:49.572000,1.11046,1.11042,1220000,4870000
2016-05-30 00:10:50.382000,1.11046,1.11042,1220000,4120000
2016-05-30 00:10:51.538000,1.11046,1.11043,1220000,1000000
2016-05-30 00:10:51.640000,1.11048,1.11043,3370000,2620000
2016-05-30 00:10:51.995000,1.11050,1.11045,14810000,1000000
2016-05-30 00:10:56.783000,1.11048,1.11046,1000000,1000000
2016-05-30 00:10:57.898000,1.11049,1.11046,1000000,1120000
2016-05-30 00:11:01.076000,1.11050,1.11046,6750000,2250000
2016-05-30 00:11:01.381000,1.11048,1.11045,1500000,1200000
2016-05-30 00:11:01.906000,1.11048,1.11045,1000000,1950000
2016-05-30 00:11:03.088000,1.11047,1.11045,1000000,1950000
2016-05-30 00:11:03.594000,1.11047,1.11045,1000000,2700000
2016-05-30 00:11:04.139000,1.11047,1.11046,1000000,1120000
2016-05-30 00:11:04.393000,1.11049,1.11046,1500000,1120000
2016-05-30 00:11:05.332000,1.11047,1.11044,6750000,1000000
2016-05-30 00:11:05.841000,1.11047,1.11043,6370000,1100000
2016-05-30 00:11:07.006000,1.11047,1.11042,7120000,1950000
2016-05-30 00:11:07.512000,1.11047,1.11043,6370000,1000000
2016-05-30 00:11:08.104000,1.11047,1.11042,7120000,1200000
2016-05-30 00:11:08.611000,1.11046,1.11042,1000000,2700000
2016-05-30 00:11:09.136000,1.11046,1.11043,1000000,1000000
2016-05-30 00:11:11.240000,1.11046,1.11042,1000000,2700000
2016-05-30 00:11:13.847000,1.11046,1.11042,1000000,2700000
2016-05-30 00:11:14.376000,1.11047,1.11043,1000000,1120000
2016-05-30 00:11:15.851000,1.11047,1.11043,1000000,2620000
2016-05-30 00:11:16.856000,1.11047,1.11043,1000000,2620000
2016-05-30 00:11:17.403000,1.11047,1.11043,1000000,5620000
2016-05-30 00:11:18.212000,1.11048,1.11044,1000000,1120000
2016-05-30 00:11:19.690000,1.11047,1.11044,1000000,1120000
2016-05-30 00:11:20.223000,1.11047,1.11043,2250000,1870000
2016-05-30 00:11:22.243000,1.11047,1.11044,1000000,1000000
2016-05-30 00:11:22.762000,1.11047,1.11043,1000000,1870000
2016-05-30 00:11:23.066000,1.11045,1.11042,3000000,3370000
2016-05-30 00:11:23.573000,1.11045,1.11043,3190000,1000000
2016-05-30 00:11:24.086000,1.11045,1.11042,5440000,1870000
2016-05-30 00:11:24.593000,1.11045,1.11043,6940000,1000000
2016-05-30 00:11:31.536000,1.11044,1.11043,1000000,1000000
2016-05-30 00:11:31.739000,1.11043,1.11041,1000000,1000000
2016-05-30 00:11:32.264000,1.11043,1.11040,1500000,2320000
2016-05-30 00:11:32.315000,1.11043,1.11042,1500000,1000000
2016-05-30 00:11:32.822000,1.11044,1.11042,1300000,2250000
2016-05-30 00:11:33.199000,1.11046,1.11045,1690000,1000000
2016-05-30 00:11:33.251000,1.11045,1.11043,1500000,1500000
2016-05-30 00:11:37.142000,1.11044,1.11042,1000000,1000000
2016-05-30 00:11:37.731000,1.11044,1.11043,1000000,1000000
2016-05-30 00:11:39.288000,1.11045,1.11043,4690000,1000000
2016-05-30 00:11:39.895000,1.11044,1.11043,1000000,1000000
2016-05-30 00:11:41.456000,1.11045,1.11043,1500000,1000000
2016-05-30 00:11:42.860000,1.11045,1.11042,3000000,2250000
2016-05-30 00:11:43.368000,1.11044,1.11043,1000000,1000000
2016-05-30 00:11:44.212000,1.11045,1.11043,3750000,1000000
2016-05-30 00:11:47.844000,1.11045,1.11042,2250000,2620000
2016-05-30 00:11:48.352000,1.11045,1.11043,3000000,1000000
2016-05-30 00:11:49.953000,1.11045,1.11044,4500000,1000000
2016-05-30 00:11:50.543000,1.11046,1.11044,1500000,1120000
2016-05-30 00:11:51.202000,1.11046,1.11043,1500000,2250000
2016-05-30 00:11:51.710000,1.11047,1.11043,1000000,2250000
2016-05-30 00:11:52.446000,1.11047,1.11044,1250000,1000000
2016-05-30 00:11:53.105000,1.11048,1.11044,4120000,1500000
2016-05-30 00:11:53.840000,1.11048,1.11043,2620000,3370000
2016-05-30 00:11:54.346000,1.11048,1.11044,2250000,1120000
2016-05-30 00:11:57.339000,1.11048,1.11045,2250000,1000000
2016-05-30 00:11:57.846000,1.11048,1.11044,2250000,1120000
2016-05-30 00:12:02.362000,1.11048,1.11045,2250000,1500000
2016-05-30 00:12:05.092000,1.11049,1.11045,3260000,1120000
2016-05-30 00:12:06.487000,1.11049,1.11044,3260000,2620000
2016-05-30 00:12:07.387000,1.11049,1.11045,4760000,1000000
2016-05-30 00:12:15.236000,1.11049,1.11044,4570000,1870000
2016-05-30 00:12:18.230000,1.11049,1.11044,4570000,1870000
2016-05-30 00:12:23.370000,1.11049,1.11044,3190000,2620000
2016-05-30 00:12:24.077000,1.11048,1.11044,1000000,2620000
2016-05-30 00:12:25.073000,1.11049,1.11044,4690000,1870000
2016-05-30 00:12:25.645000,1.11049,1.11044,4690000,1870000
2016-05-30 00:12:28.034000,1.11048,1.11046,1000000,1000000
2016-05-30 00:12:28.287000,1.11049,1.11048,3190000,1000000
2016-05-30 00:12:29.850000,1.11049,1.11047,1000000,2250000
2016-05-30 00:12:30.407000,1.11050,1.11049,4310000,1000000
2016-05-30 00:12:30.927000,1.11051,1.11050,4690000,1000000
2016-05-30 00:12:31.434000,1.11050,1.11049,3750000,1500000
2016-05-30 00:12:31.940000,1.11049,1.11048,1000000,3750000
2016-05-30 00:12:32.508000,1.11050,1.11049,4500000,1500000
2016-05-30 00:12:33.067000,1.11049,1.11048,1500000,3000000
2016-05-30 00:12:33.498000,1.11048,1.11046,1000000,6370000
2016-05-30 00:12:34.007000,1.11049,1.11048,1500000,1500000
2016-05-30 00:12:34.514000,1.11050,1.11049,3000000,1000000
2016-05-30 00:12:35.245000,1.11050,1.11049,1000000,1000000
2016-05-30 00:12:35.297000,1.11050,1.11049,1000000,1500000
2016-05-30 00:12:35.450000,1.11050,1.11049,1000000,2250000
2016-05-30 00:12:35.501000,1.11050,1.11049,1000000,1000000
2016-05-30 00:12:35.603000,1.11050,1.11048,1000000,3000000
2016-05-30 00:12:35.704000,1.11050,1.11048,1000000,3750000
2016-05-30 00:12:35.755000,1.11052,1.11050,2440000,1000000
2016-05-30 00:12:36.158000,1.11050,1.11049,1000000,1000000
2016-05-30 00:12:37.423000,1.11050,1.11048,1000000,1000000
2016-05-30 00:12:37.633000,1.11049,1.11046,2440000,1500000
2016-05-30 00:12:38.140000,1.11049,1.11047,3940000,1000000
2016-05-30 00:12:38.715000,1.11048,1.11046,1000000,1000000
2016-05-30 00:12:43.215000,1.11048,1.11046,1120000,1000000
2016-05-30 00:12:43.803000,1.11048,1.11046,1000000,1000000
2016-05-30 00:12:44.339000,1.11048,1.11046,1000000,1000000
2016-05-30 00:12:46.354000,1.11048,1.11046,1000000,1000000
2016-05-30 00:12:49.884000,1.11049,1.11047,2810000,1000000
2016-05-30 00:12:50.390000,1.11049,1.11046,1250000,1000000
2016-05-30 00:12:51.837000,1.11049,1.11047,1250000,1000000
2016-05-30 00:12:52.375000,1.11049,1.11047,1250000,1000000
2016-05-30 00:12:52.883000,1.11049,1.11047,1250000,1000000
2016-05-30 00:12:53.405000,1.11049,1.11047,1250000,1000000
2016-05-30 00:12:56.790000,1.11049,1.11047,1250000,1000000
2016-05-30 00:12:57.299000,1.11049,1.11047,1310000,1000000
2016-05-30 00:12:58.125000,1.11049,1.11046,1310000,1000000
2016-05-30 00:12:59.311000,1.11049,1.11047,1250000,1000000
2016-05-30 00:12:59.822000,1.11049,1.11046,1250000,1000000
2016-05-30 00:13:03.755000,1.11049,1.11047,1250000,1000000
2016-05-30 00:13:04.981000,1.11050,1.11048,3000000,1000000
2016-05-30 00:13:05.834000,1.11050,1.11047,2250000,1000000
2016-05-30 00:13:06.341000,1.11049,1.11047,1500000,1000000
2016-05-30 00:13:06.849000,1.11048,1.11047,1000000,1000000
2016-05-30 00:13:08.708000,1.11049,1.11048,1500000,1000000
2016-05-30 00:13:09.013000,1.11051,1.11048,6560000,1000000
2016-05-30 00:13:09.114000,1.11051,1.11049,1250000,1000000
2016-05-30 00:13:09.428000,1.11049,1.11048,1000000,1000000
2016-05-30 00:13:09.529000,1.11051,1.11048,3190000,1000000
2016-05-30 00:13:13.695000,1.11050,1.11048,1000000,1000000
2016-05-30 00:13:14.102000,1.11048,1.11047,1000000,1500000
2016-05-30 00:13:16.364000,1.11048,1.11046,1000000,1000000
2016-05-30 00:13:16.670000,1.11049,1.11047,3190000,1000000
2016-05-30 00:13:16.824000,1.11051,1.11048,1690000,1000000
2016-05-30 00:13:16.926000,1.11052,1.11050,1690000,1000000
2016-05-30 00:13:16.978000,1.11052,1.11049,2440000,1000000
2016-05-30 00:13:17.485000,1.11050,1.11049,2440000,1000000
2016-05-30 00:13:21.054000,1.11051,1.11049,5810000,1000000
2016-05-30 00:13:23.641000,1.11050,1.11049,2440000,1000000
2016-05-30 00:13:25.162000,1.11050,1.11048,1500000,1000000
2016-05-30 00:13:25.264000,1.11051,1.11049,3750000,1000000
2016-05-30 00:13:25.568000,1.11053,1.11051,1500000,1000000
2016-05-30 00:13:25.740000,1.11050,1.11048,1000000,1870000
2016-05-30 00:13:27.104000,1.11050,1.11049,1690000,1000000
2016-05-30 00:13:29.156000,1.11050,1.11048,1690000,1500000
2016-05-30 00:13:29.662000,1.11050,1.11049,1690000,1000000
2016-05-30 00:13:31.161000,1.11051,1.11049,3190000,1000000
2016-05-30 00:13:31.913000,1.11050,1.11049,1690000,1000000
2016-05-30 00:13:33.845000,1.11050,1.11048,1690000,1500000
2016-05-30 00:13:39.987000,1.11050,1.11049,1690000,1000000
2016-05-30 00:13:40.089000,1.11052,1.11049,2440000,1000000
2016-05-30 00:13:40.140000,1.11050,1.11048,1690000,1100000
2016-05-30 00:13:41.078000,1.11050,1.11047,1690000,1500000
2016-05-30 00:13:41.585000,1.11049,1.11047,1000000,1000000
2016-05-30 00:13:42.091000,1.11050,1.11047,1690000,1000000
2016-05-30 00:13:42.446000,1.11050,1.11049,1690000,1000000
2016-05-30 00:13:43.085000,1.11050,1.11048,1690000,1000000
2016-05-30 00:13:43.591000,1.11050,1.11049,1690000,1000000
2016-05-30 00:13:44.399000,1.11050,1.11048,1690000,1120000
2016-05-30 00:13:47.083000,1.11051,1.11049,6940000,1000000
2016-05-30 00:13:47.650000,1.11050,1.11047,5440000,3750000
2016-05-30 00:13:50.960000,1.11050,1.11048,4690000,1100000
2016-05-30 00:13:52.351000,1.11050,1.11049,3750000,1000000
2016-05-30 00:13:52.605000,1.11052,1.11050,1250000,1000000
2016-05-30 00:13:52.917000,1.11050,1.11049,1000000,1100000
2016-05-30 00:13:53.423000,1.11050,1.11048,1690000,1000000
2016-05-30 00:14:00.332000,1.11050,1.11049,1690000,1000000
2016-05-30 00:14:00.940000,1.11049,1.11048,1250000,1000000
2016-05-30 00:14:01.504000,1.11049,1.11048,1250000,1000000
2016-05-30 00:14:08.065000,1.11049,1.11047,1690000,1000000
2016-05-30 00:14:08.571000,1.11049,1.11048,1690000,1000000
2016-05-30 00:14:11.780000,1.11050,1.11048,6560000,1000000
2016-05-30 00:14:12.541000,1.11049,1.11048,1250000,1000000
2016-05-30 00:14:16.210000,1.11049,1.11047,1690000,1000000
2016-05-30 00:14:16.464000,1.11051,1.11049,3190000,1000000
2016-05-30 00:14:21.621000,1.11051,1.11050,1250000,1000000
2016-05-30 00:14:22.162000,1.11052,1.11050,1690000,1000000
2016-05-30 00:14:28.116000,1.11051,1.11049,1250000,1000000
2016-05-30 00:14:29.478000,1.11052,1.11051,1250000,1000000
2016-05-30 00:14:31.155000,1.11051,1.11050,1250000,1000000
2016-05-30 00:14:33.254000,1.11053,1.11051,1000000,1000000
2016-05-30 00:14:33.818000,1.11053,1.11052,1000000,1000000
2016-05-30 00:14:38.078000,1.11054,1.11052,3940000,1000000
2016-05-30 00:14:38.478000,1.11054,1.11052,1190000,1000000
2016-05-30 00:14:38.530000,1.11055,1.11053,2440000,1000000
2016-05-30 00:14:44.646000,1.11056,1.11054,1310000,1000000
2016-05-30 00:14:45.152000,1.11056,1.11054,2810000,1000000
2016-05-30 00:14:47.125000,1.11056,1.11054,2060000,1000000
2016-05-30 00:14:47.657000,1.11055,1.11053,1310000,1500000
2016-05-30 00:14:48.164000,1.11055,1.11052,5440000,3000000
2016-05-30 00:14:49.500000,1.11055,1.11053,6190000,1000000
2016-05-30 00:14:50.031000,1.11055,1.11052,6190000,1000000
2016-05-30 00:14:50.440000,1.11055,1.11053,1870000,1000000
2016-05-30 00:14:50.973000,1.11055,1.11054,2250000,1000000
2016-05-30 00:14:51.479000,1.11056,1.11054,1000000,1000000
2016-05-30 00:14:51.803000,1.11058,1.11055,8810000,1000000
2016-05-30 00:14:52.311000,1.11058,1.11056,2890000,1000000
2016-05-30 00:14:53.097000,1.11058,1.11055,3260000,1500000
2016-05-30 00:14:54.112000,1.11058,1.11056,3260000,1000000
2016-05-30 00:14:57.497000,1.11058,1.11055,1760000,1000000
2016-05-30 00:15:00.637000,1.11058,1.11054,1760000,1500000
2016-05-30 00:15:01.145000,1.11058,1.11055,2890000,1000000
2016-05-30 00:15:01.683000,1.11057,1.11054,1000000,1500000
2016-05-30 00:15:02.442000,1.11057,1.11053,1870000,1500000
2016-05-30 00:15:02.860000,1.11055,1.11052,4390000,1000000
2016-05-30 00:15:03.673000,1.11055,1.11051,8360000,1000000
2016-05-30 00:15:04.003000,1.11052,1.11050,1190000,1000000
2016-05-30 00:15:04.055000,1.11054,1.11050,3640000,1000000
2016-05-30 00:15:04.782000,1.11054,1.11049,4390000,2250000
2016-05-30 00:15:05.035000,1.11052,1.11049,1250000,1500000
2016-05-30 00:15:06.377000,1.11053,1.11049,8020000,1000000
2016-05-30 00:15:06.901000,1.11053,1.11050,9710000,1000000
2016-05-30 00:15:07.442000,1.11053,1.11050,8960000,1000000
2016-05-30 00:15:10.366000,1.11053,1.11049,6340000,1000000
2016-05-30 00:15:10.778000,1.11051,1.11050,1250000,1000000
2016-05-30 00:15:11.278000,1.11050,1.11048,2250000,1500000
2016-05-30 00:15:12.308000,1.11050,1.11049,1000000,1000000
2016-05-30 00:15:12.359000,1.11052,1.11049,7500000,1000000
2016-05-30 00:15:13.661000,1.11052,1.11050,4120000,1000000
2016-05-30 00:15:25.048000,1.11052,1.11049,1690000,1120000
2016-05-30 00:15:26.280000,1.11051,1.11048,1000000,1000000
2016-05-30 00:15:26.784000,1.11051,1.11047,1000000,1500000
2016-05-30 00:15:27.803000,1.11051,1.11048,1000000,1000000
2016-05-30 00:15:28.309000,1.11051,1.11047,1000000,1000000
2016-05-30 00:15:33.584000,1.11047,1.11045,6070000,5700000
2016-05-30 00:15:33.940000,1.11048,1.11046,1690000,1000000
2016-05-30 00:15:38.594000,1.11048,1.11047,1000000,1500000
2016-05-30 00:15:38.847000,1.11051,1.11048,1000000,1500000
2016-05-30 00:15:39.011000,1.11052,1.11050,1250000,1000000
2016-05-30 00:15:39.873000,1.11052,1.11051,1250000,1000000
2016-05-30 00:15:41.712000,1.11052,1.11050,1250000,1000000
2016-05-30 00:15:42.253000,1.11053,1.11049,3190000,1500000
2016-05-30 00:15:42.915000,1.11051,1.11048,1500000,2250000
2016-05-30 00:15:44.418000,1.11050,1.11048,1000000,1000000
2016-05-30 00:15:45.061000,1.11050,1.11049,1000000,1000000
2016-05-30 00:15:45.277000,1.11053,1.11051,1000000,1120000
2016-05-30 00:15:45.784000,1.11054,1.11052,4010000,1000000
2016-05-30 00:15:48.234000,1.11054,1.11051,3260000,1120000
2016-05-30 00:15:49.200000,1.11054,1.11051,3260000,1370000
2016-05-30 00:15:50.215000,1.11054,1.11052,1570000,1370000
2016-05-30 00:15:51.230000,1.11054,1.11052,1500000,1000000
2016-05-30 00:15:53.370000,1.11053,1.11052,1000000,1000000
2016-05-30 00:15:53.878000,1.11053,1.11051,1000000,1000000
2016-05-30 00:15:55.390000,1.11052,1.11051,1500000,1000000
2016-05-30 00:15:55.563000,1.11051,1.11049,1000000,1000000
2016-05-30 00:15:55.817000,1.11052,1.11051,1000000,1000000
2016-05-30 00:15:56.324000,1.11053,1.11050,1500000,1000000
2016-05-30 00:15:56.826000,1.11053,1.11051,1000000,1000000
2016-05-30 00:15:57.332000,1.11054,1.11050,2320000,2620000
2016-05-30 00:15:58.646000,1.11053,1.11050,1000000,1870000
2016-05-30 00:15:59.152000,1.11052,1.11049,1160000,1120000
2016-05-30 00:16:00.864000,1.11051,1.11048,1500000,3370000
2016-05-30 00:16:01.841000,1.11050,1.11047,1000000,2620000
2016-05-30 00:16:02.867000,1.11049,1.11047,1000000,2620000
2016-05-30 00:16:03.122000,1.11053,1.11049,6260000,2620000
2016-05-30 00:16:03.643000,1.11052,1.11050,1250000,1000000
2016-05-30 00:16:04.605000,1.11052,1.11049,1000000,1000000
2016-05-30 00:16:05.237000,1.11052,1.11050,1000000,1000000
2016-05-30 00:16:05.340000,1.11050,1.11049,1000000,1000000
2016-05-30 00:16:05.646000,1.11047,1.11046,1500000,1000000
2016-05-30 00:16:06.149000,1.11046,1.11045,1000000,1500000
2016-05-30 00:16:08.141000,1.11045,1.11044,1000000,2440000
2016-05-30 00:16:12.105000,1.11045,1.11043,4750000,2810000
2016-05-30 00:16:12.410000,1.11045,1.11043,5120000,3190000
2016-05-30 00:16:12.462000,1.11044,1.11042,1120000,1370000
2016-05-30 00:16:12.615000,1.11045,1.11043,4750000,2810000
2016-05-30 00:16:14.334000,1.11045,1.11044,4500000,1500000
2016-05-30 00:16:14.884000,1.11044,1.11043,1500000,2440000
2016-05-30 00:16:15.442000,1.11045,1.11044,4500000,1500000
2016-05-30 00:16:16.019000,1.11044,1.11043,1500000,3190000
2016-05-30 00:16:16.223000,1.11047,1.11045,8810000,1000000
2016-05-30 00:16:19.548000,1.11047,1.11045,4690000,1000000
2016-05-30 00:16:20.223000,1.11048,1.11046,3670000,1000000
2016-05-30 00:16:21.151000,1.11048,1.11047,1300000,1000000
2016-05-30 00:16:24.058000,1.11048,1.11046,1300000,1500000
2016-05-30 00:16:24.587000,1.11048,1.11047,1300000,1000000
2016-05-30 00:16:25.852000,1.11048,1.11047,1000000,1000000
2016-05-30 00:16:26.373000,1.11050,1.11048,5810000,1000000
2016-05-30 00:16:26.915000,1.11049,1.11047,1690000,1000000
2016-05-30 00:16:27.522000,1.11048,1.11047,1500000,1000000
2016-05-30 00:16:27.625000,1.11047,1.11045,3370000,1870000
2016-05-30 00:16:27.677000,1.11045,1.11044,1120000,2250000
2016-05-30 00:16:28.184000,1.11046,1.11044,2620000,1000000
2016-05-30 00:16:28.611000,1.11048,1.11046,1000000,1000000
2016-05-30 00:16:30.891000,1.11047,1.11046,1000000,1000000
2016-05-30 00:16:32.892000,1.11048,1.11046,1000000,1000000
2016-05-30 00:16:33.884000,1.11046,1.11045,1120000,1000000
2016-05-30 00:16:34.189000,1.11047,1.11043,5100000,2060000
2016-05-30 00:16:34.535000,1.11047,1.11045,4500000,1000000
2016-05-30 00:16:35.098000,1.11047,1.11045,3750000,1000000
2016-05-30 00:16:35.149000,1.11047,1.11044,1500000,1870000
2016-05-30 00:16:37.084000,1.11047,1.11043,1000000,2620000
2016-05-30 00:16:37.225000,1.11047,1.11045,1000000,1000000
2016-05-30 00:16:40.109000,1.11047,1.11044,1000000,1120000
2016-05-30 00:16:40.611000,1.11047,1.11045,1000000,1000000
2016-05-30 00:16:41.218000,1.11047,1.11044,1000000,1120000
2016-05-30 00:16:42.065000,1.11047,1.11045,1000000,1000000
2016-05-30 00:16:44.042000,1.11048,1.11045,2440000,1870000
2016-05-30 00:16:44.347000,1.11050,1.11048,2250000,1500000
2016-05-30 00:16:44.874000,1.11051,1.11048,1000000,1000000
2016-05-30 00:16:45.391000,1.11051,1.11049,1000000,1000000
2016-05-30 00:16:45.765000,1.11049,1.11048,1120000,1000000
2016-05-30 00:16:46.069000,1.11047,1.11044,3560000,1870000
2016-05-30 00:16:46.323000,1.11047,1.11045,1350000,1000000
2016-05-30 00:16:46.478000,1.11047,1.11043,2100000,1120000
2016-05-30 00:16:48.149000,1.11047,1.11045,5470000,1000000
2016-05-30 00:16:48.250000,1.11047,1.11045,1500000,1000000
2016-05-30 00:16:48.757000,1.11047,1.11046,1500000,1000000
2016-05-30 00:16:49.539000,1.11048,1.11046,2440000,1000000
2016-05-30 00:16:50.449000,1.11048,1.11044,2440000,1870000
2016-05-30 00:16:50.970000,1.11048,1.11042,5660000,6370000
2016-05-30 00:16:51.021000,1.11048,1.11042,5660000,6370000
2016-05-30 00:16:51.073000,1.11048,1.11045,5660000,1000000
2016-05-30 00:16:51.327000,1.11047,1.11045,1000000,1500000
2016-05-30 00:16:51.834000,1.11048,1.11046,1690000,1000000
2016-05-30 00:16:52.554000,1.11047,1.11046,1000000,1000000
2016-05-30 00:16:52.656000,1.11046,1.11044,1870000,1000000
2016-05-30 00:16:52.859000,1.11047,1.11043,9040000,1000000
2016-05-30 00:16:53.488000,1.11047,1.11043,6790000,1000000
2016-05-30 00:16:53.994000,1.11047,1.11044,6040000,1000000
2016-05-30 00:16:54.500000,1.11046,1.11043,1250000,1000000
2016-05-30 00:16:56.638000,1.11046,1.11044,1690000,1000000
2016-05-30 00:16:57.904000,1.11047,1.11045,3750000,1000000
2016-05-30 00:16:58.577000,1.11047,1.11046,1000000,1000000
2016-05-30 00:16:59.084000,1.11049,1.11046,1150000,1500000
2016-05-30 00:16:59.864000,1.11049,1.11046,1000000,1500000
2016-05-30 00:17:00.372000,1.11050,1.11046,6370000,2250000
2016-05-30 00:17:00.901000,1.11049,1.11046,1000000,1500000
2016-05-30 00:17:01.713000,1.11050,1.11046,4120000,2250000
2016-05-30 00:17:03.212000,1.11049,1.11046,1000000,1500000
2016-05-30 00:17:03.739000,1.11049,1.11047,1000000,1000000
2016-05-30 00:17:04.247000,1.11049,1.11046,1000000,1500000
2016-05-30 00:17:05.184000,1.11049,1.11047,1000000,1000000
2016-05-30 00:17:06.045000,1.11048,1.11047,1000000,1000000
2016-05-30 00:17:14.133000,1.11050,1.11047,1120000,1500000
2016-05-30 00:17:14.316000,1.11050,1.11048,1120000,1000000
2016-05-30 00:17:14.570000,1.11050,1.11047,1120000,1500000
2016-05-30 00:17:16.255000,1.11049,1.11047,1000000,1000000
2016-05-30 00:17:21.296000,1.11049,1.11047,1690000,1000000
2016-05-30 00:17:21.810000,1.11050,1.11048,1000000,1500000
2016-05-30 00:17:26.933000,1.11051,1.11049,1370000,1000000
2016-05-30 00:17:27.316000,1.11052,1.11050,3750000,1500000
2016-05-30 00:17:27.825000,1.11054,1.11051,3260000,1000000
2016-05-30 00:17:28.944000,1.11054,1.11050,3070000,3370000
2016-05-30 00:17:29.147000,1.11053,1.11049,1500000,3370000
2016-05-30 00:17:29.654000,1.11052,1.11049,1000000,1000000
2016-05-30 00:17:31.253000,1.11051,1.11048,1000000,1870000
2016-05-30 00:17:31.759000,1.11051,1.11049,1000000,1000000
2016-05-30 00:17:32.075000,1.11046,1.11045,5320000,2250000
2016-05-30 00:17:32.430000,1.11046,1.11043,1120000,1000000
2016-05-30 00:17:32.937000,1.11046,1.11042,1870000,1120000
2016-05-30 00:17:33.510000,1.11047,1.11043,17059999,1000000
2016-05-30 00:17:35.143000,1.11046,1.11042,1370000,2620000
2016-05-30 00:17:35.682000,1.11046,1.11043,1370000,1500000
2016-05-30 00:17:36.845000,1.11047,1.11044,17809999,1000000
2016-05-30 00:17:36.947000,1.11047,1.11045,5250000,1000000
2016-05-30 00:17:37.454000,1.11047,1.11044,1500000,1870000
2016-05-30 00:17:39.888000,1.11046,1.11043,1500000,5250000
2016-05-30 00:17:39.939000,1.11043,1.11042,10500000,1000000
2016-05-30 00:17:40.244000,1.11041,1.11039,1370000,1500000
2016-05-30 00:17:40.926000,1.11041,1.11040,1120000,1000000
2016-05-30 00:17:41.458000,1.11042,1.11039,13200000,1500000
2016-05-30 00:17:43.063000,1.11042,1.11040,13950000,1000000
2016-05-30 00:17:43.595000,1.11042,1.11039,13870000,2620000
2016-05-30 00:17:47.869000,1.11042,1.11040,5620000,2440000
2016-05-30 00:17:48.377000,1.11042,1.11041,9750000,1250000
2016-05-30 00:17:49.328000,1.11041,1.11040,1000000,1690000
2016-05-30 00:17:50.349000,1.11042,1.11041,12000000,1250000
2016-05-30 00:17:50.894000,1.11042,1.11040,12000000,1690000
2016-05-30 00:17:51.400000,1.11042,1.11041,12750000,1250000
2016-05-30 00:17:51.909000,1.11042,1.11040,12750000,1690000
2016-05-30 00:17:52.421000,1.11042,1.11041,11250000,1250000
2016-05-30 00:17:53.443000,1.11042,1.11040,11250000,1690000
2016-05-30 00:17:53.966000,1.11042,1.11041,11250000,1250000
2016-05-30 00:17:55.043000,1.11042,1.11040,11250000,1690000
2016-05-30 00:17:55.562000,1.11042,1.11041,13500000,1250000
2016-05-30 00:17:58.766000,1.11042,1.11040,12750000,1690000
2016-05-30 00:17:59.306000,1.11042,1.11041,12750000,1250000
2016-05-30 00:18:01.760000,1.11042,1.11040,12000000,1690000
2016-05-30 00:18:02.267000,1.11042,1.11041,12000000,1250000
2016-05-30 00:18:03.876000,1.11042,1.11040,12750000,1690000
2016-05-30 00:18:04.398000,1.11042,1.11041,12370000,1250000
2016-05-30 00:18:05.079000,1.11042,1.11040,15000000,1690000
2016-05-30 00:18:05.587000,1.11041,1.11039,1370000,2440000
2016-05-30 00:18:07.592000,1.11041,1.11040,1120000,1690000
2016-05-30 00:18:07.946000,1.11043,1.11042,1500000,1500000
2016-05-30 00:18:08.048000,1.11045,1.11044,3000000,1870000
2016-05-30 00:18:08.299000,1.11047,1.11045,1000000,1120000
2016-05-30 00:18:08.351000,1.11050,1.11045,7870000,1870000
2016-05-30 00:18:08.858000,1.11050,1.11046,4120000,1500000
2016-05-30 00:18:09.736000,1.11050,1.11047,4870000,1000000
2016-05-30 00:18:10.243000,1.11051,1.11046,4950000,3000000
2016-05-30 00:18:10.751000,1.11051,1.11046,4950000,3000000
2016-05-30 00:18:11.329000,1.11049,1.11047,1000000,1000000
2016-05-30 00:18:13.633000,1.11049,1.11046,1000000,1870000
2016-05-30 00:18:14.140000,1.11050,1.11046,1120000,2620000
2016-05-30 00:18:14.667000,1.11051,1.11046,2700000,3370000
2016-05-30 00:18:15.188000,1.11051,1.11046,2700000,3370000
2016-05-30 00:18:15.694000,1.11051,1.11047,2700000,1000000
2016-05-30 00:18:18.317000,1.11051,1.11047,2320000,1120000
2016-05-30 00:18:18.826000,1.11051,1.11047,3450000,1120000
2016-05-30 00:18:19.645000,1.11051,1.11047,3820000,1120000
2016-05-30 00:18:20.323000,1.11051,1.11047,3450000,1120000
2016-05-30 00:18:21.083000,1.11049,1.11047,1150000,1500000
2016-05-30 00:18:21.185000,1.11047,1.11045,3750000,3000000
2016-05-30 00:18:21.381000,1.11047,1.11044,1870000,1870000
2016-05-30 00:18:22.039000,1.11047,1.11044,3000000,1000000
2016-05-30 00:18:22.755000,1.11047,1.11043,4120000,1870000
2016-05-30 00:18:23.284000,1.11047,1.11043,4120000,1870000
2016-05-30 00:18:23.840000,1.11047,1.11044,4120000,1000000
2016-05-30 00:18:23.992000,1.11049,1.11046,2320000,1000000
2016-05-30 00:18:24.535000,1.11051,1.11047,6190000,1000000
2016-05-30 00:18:26.073000,1.11051,1.11046,5440000,1870000
2016-05-30 00:18:26.380000,1.11047,1.11046,3190000,2250000
2016-05-30 00:18:26.686000,1.11042,1.11039,7120000,3940000
2016-05-30 00:18:26.838000,1.11042,1.11039,7120000,1500000
2016-05-30 00:18:27.074000,1.11042,1.11039,7120000,1500000
2016-05-30 00:18:27.178000,1.11042,1.11039,7120000,1870000
2016-05-30 00:18:27.686000,1.11042,1.11039,7870000,1870000
2016-05-30 00:18:27.991000,1.11043,1.11041,14590000,2500000
2016-05-30 00:18:29.072000,1.11042,1.11041,7120000,1000000
2016-05-30 00:18:29.578000,1.11042,1.11040,7120000,5250000
2016-05-30 00:18:30.100000,1.11042,1.11039,7120000,6370000
2016-05-30 00:18:31.445000,1.11041,1.11039,2170000,1870000
2016-05-30 00:18:31.599000,1.11042,1.11039,7120000,2620000
2016-05-30 00:18:32.471000,1.11042,1.11039,5620000,2620000
2016-05-30 00:18:32.977000,1.11042,1.11040,7870000,3000000
2016-05-30 00:18:33.383000,1.11043,1.11041,12000000,1000000
2016-05-30 00:18:34.383000,1.11042,1.11041,7870000,1000000
2016-05-30 00:18:35.144000,1.11042,1.11040,3370000,4120000
2016-05-30 00:18:35.677000,1.11042,1.11041,7870000,1000000
2016-05-30 00:18:36.676000,1.11042,1.11040,7870000,4120000
2016-05-30 00:18:37.192000,1.11042,1.11041,7870000,1000000
2016-05-30 00:18:37.760000,1.11042,1.11040,7870000,4120000
2016-05-30 00:18:38.294000,1.11042,1.11041,7870000,1500000
2016-05-30 00:18:40.448000,1.11042,1.11040,7870000,4870000
2016-05-30 00:18:40.977000,1.11042,1.11041,3370000,2620000
2016-05-30 00:18:41.988000,1.11042,1.11040,3370000,4870000
2016-05-30 00:18:42.516000,1.11042,1.11041,7870000,2250000
2016-05-30 00:18:44.394000,1.11042,1.11040,7870000,4870000
2016-05-30 00:18:44.912000,1.11042,1.11041,7870000,2250000
2016-05-30 00:18:46.919000,1.11043,1.11042,9370000,1000000
2016-05-30 00:18:47.476000,1.11042,1.11040,1370000,4870000
2016-05-30 00:18:47.989000,1.11042,1.11041,5620000,1500000
2016-05-30 00:18:48.828000,1.11042,1.11040,7500000,2620000
2016-05-30 00:18:49.284000,1.11042,1.11041,5620000,1000000
2016-05-30 00:18:49.385000,1.11043,1.11042,1500000,1000000
2016-05-30 00:18:49.436000,1.11045,1.11042,2250000,1000000
2016-05-30 00:18:57.351000,1.11045,1.11042,1500000,1370000
2016-05-30 00:18:57.655000,1.11042,1.11041,6750000,1000000
2016-05-30 00:18:57.757000,1.11041,1.11038,2810000,1000000
2016-05-30 00:18:58.222000,1.11041,1.11039,3560000,1000000
2016-05-30 00:18:59.442000,1.11041,1.11039,3560000,1000000
2016-05-30 00:18:59.949000,1.11041,1.11039,3560000,1000000
2016-05-30 00:19:00.485000,1.11040,1.11039,1000000,1000000
2016-05-30 00:19:00.992000,1.11040,1.11039,1120000,1000000
2016-05-30 00:19:02.954000,1.11040,1.11038,1120000,1000000
2016-05-30 00:19:03.472000,1.11040,1.11037,1310000,1870000
2016-05-30 00:19:03.978000,1.11040,1.11038,1250000,1000000
2016-05-30 00:19:08.670000,1.11040,1.11039,1310000,1000000
2016-05-30 00:19:09.642000,1.11041,1.11039,4310000,1000000
2016-05-30 00:19:10.656000,1.11040,1.11038,1310000,1870000
2016-05-30 00:19:11.172000,1.11040,1.11039,1310000,1000000
2016-05-30 00:19:12.048000,1.11039,1.11037,1000000,4870000
2016-05-30 00:19:12.456000,1.11040,1.11039,1310000,1000000
2016-05-30 00:19:12.862000,1.11040,1.11037,1310000,2620000
2016-05-30 00:19:19.750000,1.11038,1.11037,1000000,3000000
2016-05-30 00:19:20.004000,1.11040,1.11037,1310000,3750000
2016-05-30 00:19:25.967000,1.11038,1.11036,2250000,4870000
2016-05-30 00:19:26.119000,1.11040,1.11037,1310000,2620000
2016-05-30 00:19:26.677000,1.11040,1.11038,1310000,1000000
2016-05-30 00:19:27.190000,1.11040,1.11037,1310000,3750000
2016-05-30 00:19:27.596000,1.11040,1.11039,1310000,1000000
2016-05-30 00:19:29.580000,1.11040,1.11038,1310000,3000000
2016-05-30 00:19:35.144000,1.11040,1.11037,1120000,1870000
2016-05-30 00:19:35.753000,1.11039,1.11037,1000000,1000000
2016-05-30 00:19:36.291000,1.11040,1.11037,1500000,1000000
2016-05-30 00:19:41.833000,1.11039,1.11037,1250000,1000000
2016-05-30 00:19:42.191000,1.11039,1.11037,1990000,4500000
2016-05-30 00:19:42.293000,1.11040,1.11037,4870000,1120000
2016-05-30 00:19:42.839000,1.11040,1.11038,1120000,1000000
2016-05-30 00:19:45.687000,1.11040,1.11037,1120000,1000000
2016-05-30 00:19:45.799000,1.11039,1.11036,1190000,4120000
2016-05-30 00:19:46.001000,1.11040,1.11036,5810000,1870000
2016-05-30 00:19:46.507000,1.11040,1.11037,1310000,1500000
2016-05-30 00:19:49.880000,1.11040,1.11036,1310000,2700000
2016-05-30 00:19:50.389000,1.11040,1.11038,1310000,1000000
2016-05-30 00:19:52.799000,1.11040,1.11037,2060000,1000000
2016-05-30 00:19:58.205000,1.11040,1.11037,2360000,1000000
2016-05-30 00:20:00.801000,1.11040,1.11037,4990000,1000000
2016-05-30 00:20:01.156000,1.11038,1.11036,3250000,3070000
2016-05-30 00:20:01.482000,1.11035,1.11033,1500000,1000000
2016-05-30 00:20:01.989000,1.11035,1.11032,1690000,1500000
2016-05-30 00:20:02.515000,1.11035,1.11033,1690000,1000000
2016-05-30 00:20:03.022000,1.11035,1.11032,1690000,1500000
2016-05-30 00:20:03.124000,1.11035,1.11034,1690000,1500000
2016-05-30 00:20:03.429000,1.11035,1.11034,1690000,1500000
2016-05-30 00:20:03.951000,1.11035,1.11032,1310000,3000000
2016-05-30 00:20:04.002000,1.11035,1.11034,1310000,1000000
2016-05-30 00:20:04.205000,1.11035,1.11032,1310000,2250000
2016-05-30 00:20:05.479000,1.11035,1.11033,1310000,1000000
2016-05-30 00:20:05.988000,1.11035,1.11034,1310000,1000000
2016-05-30 00:20:06.325000,1.11037,1.11035,1690000,3000000
2016-05-30 00:20:07.034000,1.11037,1.11036,1250000,1000000
2016-05-30 00:20:07.565000,1.11037,1.11035,1250000,3750000
2016-05-30 00:20:07.921000,1.11037,1.11034,5810000,3750000
2016-05-30 00:20:08.755000,1.11037,1.11034,5810000,3000000
2016-05-30 00:20:10.077000,1.11037,1.11033,3560000,3750000
2016-05-30 00:20:10.844000,1.11037,1.11034,5810000,1000000
2016-05-30 00:20:11.249000,1.11035,1.11032,6560000,1000000
2016-05-30 00:20:11.561000,1.11035,1.11033,4870000,1000000
2016-05-30 00:20:11.714000,1.11037,1.11034,2440000,1000000
2016-05-30 00:20:11.918000,1.11034,1.11032,2620000,2320000
2016-05-30 00:20:12.172000,1.11036,1.11034,3040000,1000000
2016-05-30 00:20:12.713000,1.11036,1.11034,3040000,1000000
2016-05-30 00:20:13.222000,1.11036,1.11034,3040000,1000000
2016-05-30 00:20:13.932000,1.11036,1.11034,3040000,1000000
2016-05-30 00:20:14.457000,1.11036,1.11034,2810000,1000000
2016-05-30 00:20:14.970000,1.11036,1.11034,3790000,1000000
2016-05-30 00:20:15.495000,1.11036,1.11034,3040000,1000000
2016-05-30 00:20:16.107000,1.11036,1.11034,2290000,1000000
2016-05-30 00:20:16.614000,1.11036,1.11034,1540000,1000000
2016-05-30 00:20:17.185000,1.11036,1.11034,1160000,1000000
2016-05-30 00:20:17.735000,1.11036,1.11034,1540000,1000000
2016-05-30 00:20:18.241000,1.11036,1.11034,1620000,1000000
2016-05-30 00:20:19.448000,1.11036,1.11034,3790000,1000000
2016-05-30 00:20:19.954000,1.11036,1.11034,3790000,1000000
2016-05-30 00:20:20.942000,1.11036,1.11034,4690000,1000000
2016-05-30 00:20:21.144000,1.11035,1.11034,1120000,1000000
2016-05-30 00:20:21.347000,1.11036,1.11032,3790000,1500000
2016-05-30 00:20:22.368000,1.11036,1.11032,4910000,1500000
2016-05-30 00:20:22.870000,1.11036,1.11033,3560000,3750000
2016-05-30 00:20:23.184000,1.11034,1.11032,1300000,4500000
2016-05-30 00:20:24.048000,1.11034,1.11033,1800000,1000000
2016-05-30 00:20:24.315000,1.11036,1.11034,5660000,3750000
2016-05-30 00:20:25.267000,1.11036,1.11034,4720000,3750000
2016-05-30 00:20:25.805000,1.11036,1.11034,3970000,3750000
2016-05-30 00:20:26.630000,1.11036,1.11034,4720000,3750000
2016-05-30 00:20:27.151000,1.11036,1.11034,5060000,3750000
2016-05-30 00:20:28.452000,1.11036,1.11033,3220000,1000000
2016-05-30 00:20:28.964000,1.11036,1.11033,3220000,1000000
2016-05-30 00:20:29.470000,1.11036,1.11033,1160000,1000000
2016-05-30 00:20:29.988000,1.11037,1.11034,8470000,1000000
2016-05-30 00:20:30.536000,1.11036,1.11033,2100000,1000000
2016-05-30 00:20:31.211000,1.11036,1.11033,1670000,1000000
2016-05-30 00:20:32.164000,1.11036,1.11033,2100000,1000000
2016-05-30 00:20:32.671000,1.11036,1.11033,1720000,1000000
2016-05-30 00:20:33.767000,1.11036,1.11033,2470000,1000000
2016-05-30 00:20:34.269000,1.11036,1.11033,2470000,1000000
2016-05-30 00:20:34.973000,1.11036,1.11033,2470000,1000000
2016-05-30 00:20:35.481000,1.11036,1.11033,1720000,1000000
2016-05-30 00:20:36.330000,1.11036,1.11032,1720000,2250000
2016-05-30 00:20:36.678000,1.11036,1.11034,1720000,1000000
2016-05-30 00:20:36.780000,1.11036,1.11032,2290000,1500000
2016-05-30 00:20:36.984000,1.11036,1.11034,2060000,1000000
2016-05-30 00:20:37.527000,1.11036,1.11033,2250000,1000000
2016-05-30 00:20:38.461000,1.11036,1.11033,2250000,1000000
2016-05-30 00:20:38.985000,1.11036,1.11033,3000000,1000000
2016-05-30 00:20:39.701000,1.11036,1.11033,2250000,1000000
2016-05-30 00:20:40.209000,1.11036,1.11033,1870000,1000000
2016-05-30 00:20:42.593000,1.11036,1.11033,2620000,1000000
2016-05-30 00:20:43.098000,1.11036,1.11033,2250000,1000000
2016-05-30 00:20:44.373000,1.11036,1.11033,2250000,1000000
2016-05-30 00:20:44.896000,1.11036,1.11033,3000000,1000000
2016-05-30 00:20:45.504000,1.11036,1.11033,2250000,1000000
2016-05-30 00:20:45.707000,1.11035,1.11031,1500000,1000000
2016-05-30 00:20:45.854000,1.11035,1.11031,2170000,1000000
2016-05-30 00:20:46.261000,1.11035,1.11031,8320000,1250000
2016-05-30 00:20:46.312000,1.11035,1.11033,7570000,1000000
2016-05-30 00:20:46.667000,1.11034,1.11031,1720000,2250000
2016-05-30 00:20:47.190000,1.11034,1.11031,1720000,1500000
2016-05-30 00:20:47.707000,1.11034,1.11031,1720000,1500000
2016-05-30 00:20:50.340000,1.11034,1.11033,1120000,2250000
2016-05-30 00:20:50.949000,1.11033,1.11031,1220000,1000000
2016-05-30 00:20:51.157000,1.11031,1.11030,1000000,3750000
2016-05-30 00:20:51.310000,1.11034,1.11033,1000000,1000000
2016-05-30 00:20:51.665000,1.11034,1.11031,2100000,1000000
2016-05-30 00:20:52.070000,1.11034,1.11032,1720000,3250000
2016-05-30 00:20:52.848000,1.11034,1.11032,1720000,1500000
2016-05-30 00:20:53.355000,1.11034,1.11031,2470000,1500000
2016-05-30 00:20:53.883000,1.11035,1.11032,4120000,1000000
2016-05-30 00:20:53.935000,1.11033,1.11031,1000000,1000000
2016-05-30 00:20:54.139000,1.11032,1.11031,1120000,1250000
2016-05-30 00:20:54.343000,1.11034,1.11032,2700000,1000000
2016-05-30 00:20:54.887000,1.11036,1.11032,3970000,1500000
2016-05-30 00:20:57.107000,1.11036,1.11032,4540000,1500000
2016-05-30 00:20:57.512000,1.11034,1.11032,1300000,1000000
2016-05-30 00:20:57.714000,1.11035,1.11032,1120000,1500000
2016-05-30 00:20:58.467000,1.11035,1.11031,2620000,1870000
2016-05-30 00:20:59.956000,1.11032,1.11029,1000000,6450000
2016-05-30 00:21:00.260000,1.11034,1.11030,2250000,1310000
2016-05-30 00:21:00.463000,1.11034,1.11031,1000000,2810000
2016-05-30 00:21:00.616000,1.11036,1.11032,3970000,1120000
2016-05-30 00:21:01.123000,1.11036,1.11032,3600000,1120000
2016-05-30 00:21:01.634000,1.11034,1.11032,1000000,2620000
2016-05-30 00:21:01.736000,1.11034,1.11030,1000000,5250000
2016-05-30 00:21:02.312000,1.11035,1.11030,1120000,6370000
2016-05-30 00:21:06.591000,1.11034,1.11030,1000000,5620000
2016-05-30 00:21:07.125000,1.11035,1.11030,1120000,6370000
2016-05-30 00:21:08.030000,1.11035,1.11030,1370000,6370000
2016-05-30 00:21:08.547000,1.11035,1.11030,1120000,5620000
2016-05-30 00:21:09.881000,1.11034,1.11031,1000000,1870000
2016-05-30 00:21:10.390000,1.11035,1.11030,1120000,5620000
2016-05-30 00:21:11.673000,1.11034,1.11031,1000000,1870000
2016-05-30 00:21:12.180000,1.11035,1.11032,1000000,1870000
2016-05-30 00:21:12.380000,1.11032,1.11031,1000000,1500000
2016-05-30 00:21:12.431000,1.11032,1.11030,3220000,5810000
2016-05-30 00:21:12.584000,1.11034,1.11032,3600000,1870000
2016-05-30 00:21:12.636000,1.11034,1.11033,1420000,1870000
2016-05-30 00:21:12.687000,1.11036,1.11034,11920000,1870000
2016-05-30 00:21:12.790000,1.11034,1.11032,1050000,1870000
2016-05-30 00:21:12.993000,1.11034,1.11032,1870000,2620000
2016-05-30 00:21:13.499000,1.11034,1.11032,1050000,1870000
2016-05-30 00:21:13.759000,1.11035,1.11033,4870000,1870000
2016-05-30 00:21:13.963000,1.11035,1.11031,5620000,1120000
2016-05-30 00:21:14.477000,1.11034,1.11030,1000000,2620000
2016-05-30 00:21:15.208000,1.11035,1.11030,4500000,1870000
2016-05-30 00:21:15.897000,1.11034,1.11030,1000000,2620000
2016-05-30 00:21:16.872000,1.11034,1.11031,1500000,1370000
2016-05-30 00:21:18.103000,1.11035,1.11031,3370000,1370000
2016-05-30 00:21:20.296000,1.11034,1.11031,1000000,1370000
2016-05-30 00:21:21.484000,1.11035,1.11031,4120000,1370000
2016-05-30 00:21:22.239000,1.11034,1.11031,1000000,1870000
2016-05-30 00:21:23.117000,1.11035,1.11031,4870000,1870000
2016-05-30 00:21:24.977000,1.11034,1.11032,1000000,1000000
2016-05-30 00:21:25.577000,1.11035,1.11032,3370000,1000000
2016-05-30 00:21:26.340000,1.11034,1.11032,1000000,1000000
2016-05-30 00:21:26.874000,1.11035,1.11032,1870000,1000000
2016-05-30 00:21:27.178000,1.11033,1.11032,1500000,1000000
2016-05-30 00:21:27.528000,1.11028,1.11027,1000000,1250000
2016-05-30 00:21:27.833000,1.11030,1.11027,3750000,1250000
2016-05-30 00:21:27.885000,1.11028,1.11027,1000000,1250000
2016-05-30 00:21:28.393000,1.11028,1.11026,1000000,1690000
2016-05-30 00:21:30.596000,1.11027,1.11026,1500000,1000000
2016-05-30 00:21:30.900000,1.11027,1.11024,4870000,5510000
2016-05-30 00:21:31.002000,1.11027,1.11026,2250000,1690000
2016-05-30 00:21:35.277000,1.11029,1.11027,8990000,2250000
2016-05-30 00:21:35.429000,1.11031,1.11029,1000000,3750000
2016-05-30 00:21:35.480000,1.11032,1.11030,1120000,2250000
2016-05-30 00:21:36.001000,1.11034,1.11030,6300000,3000000
2016-05-30 00:21:36.154000,1.11033,1.11029,1100000,3750000
2016-05-30 00:21:38.757000,1.11031,1.11027,2290000,5440000
2016-05-30 00:21:39.265000,1.11031,1.11027,1920000,3190000
2016-05-30 00:21:45.467000,1.11029,1.11027,1000000,1250000
2016-05-30 00:21:46.945000,1.11030,1.11027,4170000,1250000
2016-05-30 00:21:48.692000,1.11030,1.11028,3420000,2250000
2016-05-30 00:21:49.201000,1.11030,1.11027,3420000,2250000
2016-05-30 00:21:50.034000,1.11030,1.11026,4170000,1000000
2016-05-30 00:21:52.058000,1.11029,1.11026,1000000,1000000
2016-05-30 00:21:52.566000,1.11030,1.11026,4120000,1000000
2016-05-30 00:21:53.090000,1.11028,1.11026,1650000,1000000
2016-05-30 00:21:53.598000,1.11028,1.11026,1500000,1690000
2016-05-30 00:21:54.916000,1.11027,1.11026,1000000,1690000
2016-05-30 00:21:55.422000,1.11026,1.11025,1000000,1690000
2016-05-30 00:21:55.812000,1.11025,1.11022,2620000,3000000
2016-05-30 00:21:56.168000,1.11026,1.11025,1000000,1690000
2016-05-30 00:21:56.270000,1.11028,1.11026,1050000,1250000
2016-05-30 00:21:56.854000,1.11029,1.11025,1200000,1500000
2016-05-30 00:21:56.956000,1.11029,1.11027,1100000,1250000
2016-05-30 00:21:59.124000,1.11030,1.11027,3070000,1250000
2016-05-30 00:21:59.428000,1.11025,1.11023,1000000,1000000
2016-05-30 00:21:59.701000,1.11024,1.11022,1100000,1500000
2016-05-30 00:22:00.006000,1.11026,1.11024,2250000,1000000
2016-05-30 00:22:00.058000,1.11026,1.11024,1000000,1000000
2016-05-30 00:22:00.109000,1.11028,1.11026,2250000,1000000
2016-05-30 00:22:00.160000,1.11029,1.11027,6000000,1250000
2016-05-30 00:22:00.678000,1.11027,1.11026,1000000,1690000
2016-05-30 00:22:01.201000,1.11028,1.11027,3750000,1250000
2016-05-30 00:22:01.909000,1.11027,1.11026,1000000,1690000
2016-05-30 00:22:02.800000,1.11028,1.11026,3750000,1250000
2016-05-30 00:22:03.105000,1.11027,1.11025,4160000,1000000
2016-05-30 00:22:03.156000,1.11027,1.11025,4200000,1690000
2016-05-30 00:22:03.423000,1.11027,1.11025,6450000,1250000
2016-05-30 00:22:03.576000,1.11026,1.11025,1500000,1690000
2016-05-30 00:22:04.084000,1.11027,1.11026,2320000,1250000
2016-05-30 00:22:04.287000,1.11027,1.11025,7870000,1250000
2016-05-30 00:22:06.384000,1.11027,1.11025,6370000,1000000
2016-05-30 00:22:06.892000,1.11028,1.11026,1500000,1690000
2016-05-30 00:22:07.399000,1.11027,1.11026,1000000,1690000
2016-05-30 00:22:08.185000,1.11029,1.11026,3820000,1690000
2016-05-30 00:22:11.916000,1.11029,1.11026,3970000,1690000
2016-05-30 00:22:14.476000,1.11029,1.11026,1500000,1690000
2016-05-30 00:22:14.982000,1.11030,1.11026,7950000,1690000
2016-05-30 00:22:16.105000,1.11032,1.11027,10870000,1000000
2016-05-30 00:22:16.410000,1.11033,1.11028,1100000,1500000
2016-05-30 00:22:16.614000,1.11035,1.11030,9070000,1000000
2016-05-30 00:22:17.136000,1.11035,1.11030,4050000,3000000
2016-05-30 00:22:17.643000,1.11035,1.11031,1350000,1500000
2016-05-30 00:22:18.650000,1.11035,1.11031,1120000,2250000
2016-05-30 00:22:21.122000,1.11035,1.11031,4800000,1500000
2016-05-30 00:22:21.326000,1.11035,1.11031,3750000,1000000
2016-05-30 00:22:21.839000,1.11035,1.11032,3750000,1000000
2016-05-30 00:22:27.635000,1.11034,1.11032,1000000,1500000
2016-05-30 00:22:28.600000,1.11033,1.11032,1000000,1500000
2016-05-30 00:22:28.651000,1.11031,1.11030,2250000,1000000
2016-05-30 00:22:28.855000,1.11031,1.11027,2250000,5440000
2016-05-30 00:22:29.362000,1.11031,1.11027,2320000,3190000
2016-05-30 00:22:29.911000,1.11030,1.11027,1120000,1500000
2016-05-30 00:22:33.177000,1.11031,1.11027,1570000,4120000
2016-05-30 00:22:33.696000,1.11030,1.11027,1000000,2620000
2016-05-30 00:22:34.662000,1.11031,1.11027,2250000,2250000
2016-05-30 00:22:35.478000,1.11030,1.11027,1000000,2250000
2016-05-30 00:22:35.998000,1.11031,1.11027,3000000,1000000
2016-05-30 00:22:36.889000,1.11031,1.11028,1370000,2250000
2016-05-30 00:22:37.977000,1.11031,1.11028,1120000,2250000
2016-05-30 00:22:38.478000,1.11031,1.11028,1370000,2250000
2016-05-30 00:22:39.011000,1.11031,1.11028,1000000,2250000
2016-05-30 00:22:39.769000,1.11031,1.11028,1370000,2250000
2016-05-30 00:22:40.312000,1.11032,1.11028,8620000,2250000
2016-05-30 00:22:51.374000,1.11032,1.11028,8250000,3000000
2016-05-30 00:22:51.914000,1.11031,1.11027,1500000,3000000
2016-05-30 00:22:52.547000,1.11031,1.11028,2250000,2250000
2016-05-30 00:22:53.097000,1.11031,1.11027,1870000,3000000
2016-05-30 00:22:54.034000,1.11031,1.11027,1870000,3000000
2016-05-30 00:22:54.556000,1.11031,1.11027,1870000,3000000
2016-05-30 00:22:55.407000,1.11031,1.11027,1870000,3000000
2016-05-30 00:22:56.004000,1.11031,1.11027,2250000,3000000
2016-05-30 00:22:58.734000,1.11031,1.11027,3370000,3000000
2016-05-30 00:22:59.279000,1.11031,1.11028,2620000,2250000
2016-05-30 00:23:00.657000,1.11031,1.11028,1870000,2250000
2016-05-30 00:23:01.176000,1.11031,1.11028,1870000,2250000
2016-05-30 00:23:03.075000,1.11031,1.11027,3000000,2250000
2016-05-30 00:23:03.582000,1.11031,1.11027,3750000,2250000
2016-05-30 00:23:04.240000,1.11031,1.11027,3750000,2250000
2016-05-30 00:23:04.774000,1.11031,1.11027,3750000,2250000
2016-05-30 00:23:06.344000,1.11031,1.11027,3750000,2250000
2016-05-30 00:23:06.881000,1.11031,1.11027,3750000,2250000
2016-05-30 00:23:08.586000,1.11031,1.11027,3370000,2250000
2016-05-30 00:23:09.106000,1.11030,1.11027,1000000,2250000
2016-05-30 00:23:11.789000,1.11032,1.11028,9370000,2250000
2016-05-30 00:23:12.309000,1.11029,1.11027,1000000,2250000
2016-05-30 00:23:12.412000,1.11028,1.11026,1000000,3190000
2016-05-30 00:23:12.919000,1.11028,1.11026,1000000,3190000
2016-05-30 00:23:18.304000,1.11029,1.11026,1500000,3190000
2016-05-30 00:23:18.664000,1.11028,1.11026,1000000,1250000
2016-05-30 00:23:19.120000,1.11027,1.11026,1500000,1250000
2016-05-30 00:23:20.674000,1.11026,1.11025,1000000,1690000
2016-05-30 00:23:22.177000,1.11027,1.11026,1500000,1250000
2016-05-30 00:23:25.898000,1.11028,1.11026,2250000,3190000
2016-05-30 00:23:26.608000,1.11027,1.11026,1000000,3190000
2016-05-30 00:23:27.115000,1.11028,1.11026,2250000,3190000
2016-05-30 00:23:28.162000,1.11029,1.11026,2250000,3940000
2016-05-30 00:23:29.029000,1.11028,1.11026,1000000,3190000
2016-05-30 00:23:29.334000,1.11027,1.11025,1000000,1690000
2016-05-30 00:23:29.496000,1.11028,1.11026,1500000,1250000
2016-05-30 00:23:30.600000,1.11029,1.11026,1000000,5440000
2016-05-30 00:23:31.146000,1.11030,1.11026,4500000,5440000
2016-05-30 00:23:31.653000,1.11030,1.11027,3750000,2250000
2016-05-30 00:23:33.605000,1.11026,1.11025,2250000,2700000
2016-05-30 00:23:34.128000,1.11025,1.11022,3000000,1690000
2016-05-30 00:23:34.636000,1.11024,1.11022,1000000,1690000
2016-05-30 00:23:35.145000,1.11025,1.11022,1870000,1690000
2016-05-30 00:23:42.423000,1.11025,1.11024,1120000,2250000
2016-05-30 00:23:44.895000,1.11027,1.11026,8320000,1000000
2016-05-30 00:23:45.458000,1.11027,1.11025,4120000,1000000
2016-05-30 00:23:45.813000,1.11029,1.11026,1000000,4690000
2016-05-30 00:23:46.321000,1.11031,1.11026,1120000,7690000
2016-05-30 00:23:47.302000,1.11031,1.11027,1120000,3750000
2016-05-30 00:23:48.773000,1.11028,1.11026,1000000,5440000
2016-05-30 00:23:49.079000,1.11022,1.11019,1250000,4200000
2016-05-30 00:23:49.181000,1.11026,1.11023,20620001,1190000
2016-05-30 00:23:49.458000,1.11025,1.11024,1120000,1690000
2016-05-30 00:23:49.763000,1.11022,1.11020,1250000,2700000
2016-05-30 00:23:50.219000,1.11022,1.11020,1250000,1000000
2016-05-30 00:23:50.422000,1.11022,1.11019,1250000,3370000
2016-05-30 00:23:52.347000,1.11022,1.11020,1690000,3370000
2016-05-30 00:23:53.239000,1.11022,1.11017,3000000,3000000
2016-05-30 00:23:53.341000,1.11020,1.11017,1000000,2620000
2016-05-30 00:23:55.271000,1.11021,1.11017,1870000,2620000
2016-05-30 00:23:56.109000,1.11021,1.11016,1000000,5250000
2016-05-30 00:23:56.414000,1.11018,1.11017,1500000,2620000
2016-05-30 00:23:56.465000,1.11019,1.11017,1100000,3560000
2016-05-30 00:23:56.982000,1.11021,1.11016,3370000,3000000
2016-05-30 00:23:57.490000,1.11021,1.11017,1120000,2250000
2016-05-30 00:23:58.217000,1.11022,1.11017,4120000,2250000
2016-05-30 00:23:58.723000,1.11022,1.11018,1870000,2250000
2016-05-30 00:23:59.806000,1.11022,1.11019,1870000,1000000
2016-05-30 00:24:00.009000,1.11025,1.11020,4270000,3940000
2016-05-30 00:24:00.060000,1.11027,1.11023,16799999,1190000
2016-05-30 00:24:00.315000,1.11022,1.11020,1000000,2250000
2016-05-30 00:24:00.773000,1.11022,1.11018,1000000,3070000
2016-05-30 00:24:01.288000,1.11023,1.11019,3370000,3000000
2016-05-30 00:24:01.896000,1.11023,1.11019,2620000,3000000
2016-05-30 00:24:02.416000,1.11023,1.11018,4870000,3070000
2016-05-30 00:24:02.922000,1.11023,1.11018,3370000,3070000
2016-05-30 00:24:03.437000,1.11023,1.11019,1870000,3000000
2016-05-30 00:24:03.957000,1.11023,1.11019,1120000,3750000
2016-05-30 00:24:04.740000,1.11023,1.11020,1120000,2250000
2016-05-30 00:24:04.943000,1.11022,1.11018,1000000,4950000
2016-05-30 00:24:05.045000,1.11023,1.11020,1120000,2250000
2016-05-30 00:24:05.558000,1.11022,1.11018,1000000,3450000
2016-05-30 00:24:06.065000,1.11021,1.11018,1000000,1000000
2016-05-30 00:24:06.572000,1.11021,1.11019,1000000,1000000
2016-05-30 00:24:07.083000,1.11022,1.11018,1000000,2250000
2016-05-30 00:24:07.640000,1.11023,1.11019,3370000,1500000
2016-05-30 00:24:07.743000,1.11021,1.11019,1000000,1500000
2016-05-30 00:24:07.845000,1.11020,1.11017,1000000,2250000
2016-05-30 00:24:08.533000,1.11021,1.11017,1000000,1500000
2016-05-30 00:24:09.040000,1.11022,1.11016,1870000,7950000
2016-05-30 00:24:09.572000,1.11022,1.11017,2620000,1500000
2016-05-30 00:24:10.936000,1.11022,1.11018,1120000,3000000
2016-05-30 00:24:11.449000,1.11021,1.11017,1000000,1870000
2016-05-30 00:24:12.008000,1.11022,1.11016,5250000,4570000
2016-05-30 00:24:12.515000,1.11021,1.11017,1120000,1500000
2016-05-30 00:24:13.531000,1.11022,1.11017,2620000,1870000
2016-05-30 00:24:14.262000,1.11022,1.11018,1870000,1000000
2016-05-30 00:24:14.516000,1.11023,1.11021,1000000,1000000
2016-05-30 00:24:14.727000,1.11027,1.11025,1950000,1000000
2016-05-30 00:24:14.828000,1.11027,1.11026,1120000,1000000
2016-05-30 00:24:15.031000,1.11022,1.11019,1500000,1100000
2016-05-30 00:24:15.538000,1.11021,1.11018,1500000,2320000
2016-05-30 00:24:16.069000,1.11020,1.11018,1870000,2250000
2016-05-30 00:24:16.222000,1.11020,1.11016,5620000,2250000
2016-05-30 00:24:16.779000,1.11019,1.11016,1000000,2250000
2016-05-30 00:24:21.896000,1.11018,1.11016,1000000,2620000
2016-05-30 00:24:22.404000,1.11020,1.11016,4570000,2620000
2016-05-30 00:24:22.945000,1.11020,1.11015,5320000,2620000
2016-05-30 00:24:23.458000,1.11020,1.11016,4570000,2620000
2016-05-30 00:24:28.715000,1.11020,1.11017,3750000,1000000
2016-05-30 00:24:29.171000,1.11021,1.11019,2060000,3000000
2016-05-30 00:24:29.678000,1.11021,1.11018,2060000,3000000
2016-05-30 00:24:32.409000,1.11021,1.11018,3940000,3000000
2016-05-30 00:24:32.956000,1.11021,1.11018,3940000,3000000
2016-05-30 00:24:34.579000,1.11021,1.11018,3940000,3000000
2016-05-30 00:24:34.898000,1.11021,1.11016,2060000,1760000
2016-05-30 00:24:35.355000,1.11021,1.11018,1250000,1000000
2016-05-30 00:24:35.457000,1.11021,1.11016,2810000,5510000
2016-05-30 00:24:35.964000,1.11021,1.11016,3940000,5810000
2016-05-30 00:24:36.487000,1.11020,1.11016,1000000,3370000
2016-05-30 00:24:39.107000,1.11020,1.11017,1120000,1000000
2016-05-30 00:24:39.259000,1.11021,1.11018,1690000,1370000
2016-05-30 00:24:39.361000,1.11023,1.11019,2170000,1120000
2016-05-30 00:24:39.513000,1.11021,1.11018,1000000,1370000
2016-05-30 00:24:39.564000,1.11020,1.11017,1000000,2700000
2016-05-30 00:24:40.072000,1.11020,1.11016,2320000,1310000
2016-05-30 00:24:43.327000,1.11020,1.11017,2700000,1000000
2016-05-30 00:24:43.884000,1.11020,1.11018,3070000,2620000
2016-05-30 00:24:44.714000,1.11020,1.11016,3750000,3370000
2016-05-30 00:24:45.695000,1.11020,1.11016,3000000,4120000
2016-05-30 00:24:46.698000,1.11020,1.11016,3450000,2620000
2016-05-30 00:24:52.720000,1.11020,1.11016,4200000,2620000
2016-05-30 00:24:53.730000,1.11020,1.11017,2320000,1000000
2016-05-30 00:24:54.141000,1.11018,1.11017,1000000,2620000
2016-05-30 00:24:54.345000,1.11020,1.11017,1200000,2620000
2016-05-30 00:24:54.852000,1.11020,1.11016,2320000,2620000
2016-05-30 00:24:57.044000,1.11020,1.11018,1200000,3000000
2016-05-30 00:24:58.154000,1.11021,1.11018,1760000,3000000
2016-05-30 00:24:58.691000,1.11020,1.11018,1000000,3000000
2016-05-30 00:25:00.558000,1.11022,1.11018,2620000,4500000
2016-05-30 00:25:00.863000,1.11023,1.11021,1000000,1000000
2016-05-30 00:25:00.914000,1.11021,1.11019,1250000,1000000
2016-05-30 00:25:01.447000,1.11025,1.11022,3300000,1250000
2016-05-30 00:25:01.703000,1.11022,1.11021,1000000,3000000
2016-05-30 00:25:01.805000,1.11022,1.11018,7120000,3000000
2016-05-30 00:25:02.312000,1.11021,1.11018,3070000,3000000
2016-05-30 00:25:02.821000,1.11022,1.11018,3110000,3000000
2016-05-30 00:25:05.479000,1.11021,1.11018,1390000,3000000
2016-05-30 00:25:06.023000,1.11021,1.11018,1010000,3000000
2016-05-30 00:25:08.465000,1.11021,1.11018,1390000,3000000
2016-05-30 00:25:10.090000,1.11021,1.11018,1760000,3000000
2016-05-30 00:25:10.893000,1.11021,1.11018,2140000,3000000
2016-05-30 00:25:11.399000,1.11021,1.11018,1010000,3750000
2016-05-30 00:25:11.905000,1.11021,1.11017,1000000,3750000
2016-05-30 00:25:12.778000,1.11020,1.11017,1500000,3000000
2016-05-30 00:25:13.506000,1.11019,1.11017,1000000,3000000
2016-05-30 00:25:14.015000,1.11020,1.11016,3450000,3000000
2016-05-30 00:25:20.317000,1.11021,1.11019,3450000,3250000
2016-05-30 00:25:20.469000,1.11022,1.11020,1000000,2250000
2016-05-30 00:25:20.975000,1.11022,1.11019,1100000,3000000
2016-05-30 00:25:22.665000,1.11023,1.11020,4800000,1000000
2016-05-30 00:25:25.463000,1.11023,1.11021,2250000,1000000
2016-05-30 00:25:25.565000,1.11022,1.11019,1000000,3750000
2016-05-30 00:25:27.908000,1.11021,1.11019,1000000,3000000
2016-05-30 00:25:28.422000,1.11021,1.11018,1500000,3000000
2016-05-30 00:25:28.953000,1.11023,1.11019,5550000,3000000
2016-05-30 00:25:29.459000,1.11021,1.11018,2320000,3750000
2016-05-30 00:25:29.969000,1.11021,1.11017,4120000,3000000
2016-05-30 00:25:31.178000,1.11020,1.11016,1500000,4870000
2016-05-30 00:25:33.046000,1.11018,1.11015,1000000,7870000
2016-05-30 00:25:33.554000,1.11017,1.11015,3000000,2250000
2016-05-30 00:25:36.993000,1.11018,1.11016,2620000,4500000
2016-05-30 00:25:37.146000,1.11017,1.11015,3000000,1690000
2016-05-30 00:25:39.315000,1.11018,1.11016,5620000,1690000
