time,ask,bid,ask_volume,bid_volume
2016-05-20 00:00:00.051000,1.12023,1.12020,3000000,1000000
2016-05-20 00:00:00.153000,1.12023,1.12019,2400000,1500000
2016-05-20 00:00:00.357000,1.12021,1.12017,9560000,1250000
2016-05-20 00:00:00.863000,1.12020,1.12016,1310000,1000000
2016-05-20 00:00:01.391000,1.12021,1.12019,4120000,1500000
2016-05-20 00:00:01.696000,1.12022,1.12021,1000000,1250000
2016-05-20 00:00:01.848000,1.12023,1.12020,1000000,2440000
2016-05-20 00:00:02.380000,1.12022,1.12020,4500000,1190000
2016-05-20 00:00:02.431000,1.12022,1.12018,4500000,1190000
2016-05-20 00:00:02.939000,1.12023,1.12020,1500000,3000000
2016-05-20 00:00:03.661000,1.12023,1.12019,1050000,4500000
2016-05-20 00:00:03.965000,1.12024,1.12021,1870000,1000000
2016-05-20 00:00:04.572000,1.12022,1.12021,1000000,1000000
2016-05-20 00:00:04.725000,1.12022,1.12019,1000000,1000000
2016-05-20 00:00:05.233000,1.12023,1.12019,1950000,2250000
2016-05-20 00:00:06.164000,1.12024,1.12020,4050000,2250000
2016-05-20 00:00:06.872000,1.12022,1.12020,1000000,1500000
2016-05-20 00:00:09.439000,1.12023,1.12020,3070000,1500000
2016-05-20 00:00:09.964000,1.12023,1.12020,4950000,2440000
2016-05-20 00:00:12.340000,1.12025,1.12022,4500000,1190000
2016-05-20 00:00:12.443000,1.12024,1.12021,1870000,4690000
2016-05-20 00:00:16.790000,1.12022,1.12021,1500000,1250000
2016-05-20 00:00:16.842000,1.12022,1.12020,1120000,1500000
2016-05-20 00:00:17.057000,1.12021,1.12017,3370000,2620000
2016-05-20 00:00:18.351000,1.12021,1.12019,4500000,1000000
2016-05-20 00:00:18.759000,1.12023,1.12020,1120000,6000000
2016-05-20 00:00:19.265000,1.12025,1.12021,3000000,2250000
2016-05-20 00:00:19.815000,1.12025,1.12021,2810000,1690000
2016-05-20 00:00:20.338000,1.12025,1.12021,2810000,3190000
2016-05-20 00:00:20.895000,1.12024,1.12021,2020000,1190000
2016-05-20 00:00:21.402000,1.12024,1.12020,4390000,6260000
2016-05-20 00:00:21.970000,1.12025,1.12021,6640000,1690000
2016-05-20 00:00:23.467000,1.12023,1.12020,1000000,9560000
2016-05-20 00:00:24.603000,1.12024,1.12020,3190000,8440000
2016-05-20 00:00:28.966000,1.12023,1.12021,1000000,3190000
2016-05-20 00:00:29.480000,1.12022,1.12020,1000000,4010000
2016-05-20 00:00:30.016000,1.12023,1.12020,6370000,1190000
2016-05-20 00:00:34.469000,1.12023,1.12019,2440000,5060000
2016-05-20 00:00:34.980000,1.12022,1.12020,1000000,1000000
2016-05-20 00:00:35.487000,1.12022,1.12019,1000000,1500000
2016-05-20 00:00:39.690000,1.12021,1.12019,1000000,4870000
2016-05-20 00:00:40.383000,1.12021,1.12018,1000000,2810000
2016-05-20 00:00:40.945000,1.12020,1.12018,1000000,1250000
2016-05-20 00:00:41.148000,1.12019,1.12016,2810000,1250000
2016-05-20 00:00:41.200000,1.12017,1.12015,1000000,1690000
2016-05-20 00:00:41.302000,1.12017,1.12013,1000000,3370000
2016-05-20 00:00:41.454000,1.12016,1.12012,1500000,5140000
2016-05-20 00:00:42.558000,1.12017,1.12013,3560000,1000000
2016-05-20 00:00:43.125000,1.12016,1.12013,2250000,1000000
2016-05-20 00:00:45.200000,1.12017,1.12013,5810000,1000000
2016-05-20 00:00:51.098000,1.12018,1.12014,2060000,1120000
2016-05-20 00:00:56.131000,1.12019,1.12014,4120000,4310000
2016-05-20 00:00:56.633000,1.12019,1.12015,3370000,1000000
2016-05-20 00:01:01.071000,1.12019,1.12016,1000000,1000000
2016-05-20 00:01:01.590000,1.12020,1.12016,3940000,2250000
2016-05-20 00:01:07.084000,1.12020,1.12017,3940000,1000000
2016-05-20 00:01:09.396000,1.12020,1.12016,3190000,1500000
2016-05-20 00:01:11.203000,1.12020,1.12016,4690000,1250000
2016-05-20 00:01:12.505000,1.12018,1.12015,1200000,5140000
2016-05-20 00:01:12.709000,1.12017,1.12014,2250000,1120000
2016-05-20 00:01:13.576000,1.12017,1.12013,1500000,4310000
2016-05-20 00:01:14.125000,1.12018,1.12013,2140000,3560000
2016-05-20 00:01:14.631000,1.12018,1.12014,1250000,1570000
2016-05-20 00:01:16.080000,1.12019,1.12014,2250000,4570000
2016-05-20 00:01:16.585000,1.12019,1.12014,1650000,1950000
2016-05-20 00:01:17.413000,1.12019,1.12015,1500000,1500000
2016-05-20 00:01:18.813000,1.12020,1.12015,1690000,8620000
2016-05-20 00:01:19.167000,1.12019,1.12015,1690000,4120000
2016-05-20 00:01:19.421000,1.12018,1.12013,2360000,1950000
2016-05-20 00:01:20.794000,1.12018,1.12014,1390000,1000000
2016-05-20 00:01:21.402000,1.12019,1.12014,1690000,5320000
2016-05-20 00:01:21.774000,1.12020,1.12015,1870000,1120000
2016-05-20 00:01:22.027000,1.12019,1.12015,1150000,2620000
2016-05-20 00:01:22.431000,1.12020,1.12014,6560000,6640000
2016-05-20 00:01:22.947000,1.12020,1.12015,4310000,3000000
2016-05-20 00:01:23.403000,1.12019,1.12015,2400000,4870000
2016-05-20 00:01:23.910000,1.12019,1.12014,5060000,3450000
2016-05-20 00:01:24.603000,1.12018,1.12013,4310000,1950000
2016-05-20 00:01:25.008000,1.12019,1.12014,3750000,4310000
2016-05-20 00:01:25.615000,1.12020,1.12015,5060000,1500000
2016-05-20 00:01:25.919000,1.12018,1.12015,1200000,7870000
2016-05-20 00:01:26.121000,1.12018,1.12013,3640000,3820000
2016-05-20 00:01:26.659000,1.12019,1.12014,2810000,3750000
2016-05-20 00:01:27.267000,1.12017,1.12014,1000000,1200000
2016-05-20 00:01:27.772000,1.12017,1.12013,1120000,1100000
2016-05-20 00:01:28.291000,1.12019,1.12014,2060000,1120000
2016-05-20 00:01:28.797000,1.12019,1.12015,1000000,1120000
2016-05-20 00:01:29.303000,1.12020,1.12015,2810000,1500000
2016-05-20 00:01:30.405000,1.12020,1.12016,1310000,1000000
2016-05-20 00:01:31.727000,1.12020,1.12017,1250000,1000000
2016-05-20 00:01:32.234000,1.12021,1.12016,3190000,2250000
2016-05-20 00:01:32.766000,1.12021,1.12017,5060000,1000000
2016-05-20 00:01:33.272000,1.12020,1.12016,1690000,3070000
2016-05-20 00:01:35.689000,1.12019,1.12016,1550000,1690000
2016-05-20 00:01:39.549000,1.12019,1.12017,2510000,1000000
2016-05-20 00:01:39.768000,1.12022,1.12018,1760000,6190000
2016-05-20 00:01:42.855000,1.12023,1.12019,10310000,1000000
2016-05-20 00:01:43.362000,1.12023,1.12018,12190000,6040000
2016-05-20 00:01:43.926000,1.12023,1.12019,8060000,1000000
2016-05-20 00:01:44.129000,1.12021,1.12018,6940000,1000000
2016-05-20 00:01:44.332000,1.12019,1.12016,1500000,1500000
2016-05-20 00:01:44.901000,1.12018,1.12016,1000000,1000000
2016-05-20 00:01:45.093000,1.12019,1.12018,2250000,1250000
2016-05-20 00:01:45.195000,1.12021,1.12018,1570000,2440000
2016-05-20 00:01:45.703000,1.12021,1.12019,2250000,1000000
2016-05-20 00:01:47.171000,1.12021,1.12018,2250000,4310000
2016-05-20 00:01:47.676000,1.12023,1.12019,12190000,1000000
2016-05-20 00:01:49.969000,1.12023,1.12020,10690000,1000000
2016-05-20 00:01:50.222000,1.12020,1.12018,2250000,1120000
2016-05-20 00:01:50.324000,1.12020,1.12016,3190000,1760000
2016-05-20 00:01:50.688000,1.12018,1.12014,1250000,4390000
2016-05-20 00:01:51.194000,1.12018,1.12016,3190000,1000000
2016-05-20 00:01:51.347000,1.12020,1.12016,5700000,1000000
2016-05-20 00:01:52.649000,1.12020,1.12017,8250000,1000000
2016-05-20 00:01:53.373000,1.12020,1.12016,5250000,1870000
2016-05-20 00:01:56.427000,1.12019,1.12016,1000000,1870000
2016-05-20 00:01:56.934000,1.12019,1.12015,4500000,1120000
2016-05-20 00:01:57.036000,1.12017,1.12013,3000000,3260000
2016-05-20 00:01:57.137000,1.12017,1.12013,1500000,1120000
2016-05-20 00:01:57.340000,1.12014,1.12012,1500000,2320000
2016-05-20 00:01:57.613000,1.12013,1.12009,2810000,1100000
2016-05-20 00:01:57.677000,1.12011,1.12009,1000000,1000000
2016-05-20 00:01:57.982000,1.12007,1.12005,1000000,1500000
2016-05-20 00:01:58.439000,1.12010,1.12006,8140000,1000000
2016-05-20 00:01:58.955000,1.12010,1.12007,1250000,1000000
2016-05-20 00:01:59.461000,1.12010,1.12006,5440000,1000000
2016-05-20 00:02:03.687000,1.12009,1.12006,1000000,1000000
2016-05-20 00:02:04.225000,1.12010,1.12006,6560000,1000000
2016-05-20 00:02:04.731000,1.12009,1.12005,1690000,1000000
2016-05-20 00:02:05.237000,1.12009,1.12005,1000000,3750000
2016-05-20 00:02:06.332000,1.12009,1.12006,1000000,1000000
2016-05-20 00:02:06.837000,1.12010,1.12006,6190000,1000000
2016-05-20 00:02:07.805000,1.12010,1.12007,1250000,1000000
2016-05-20 00:02:08.110000,1.12012,1.12008,6370000,1690000
2016-05-20 00:02:08.667000,1.12012,1.12008,1000000,3260000
2016-05-20 00:02:09.191000,1.12013,1.12009,8060000,1000000
2016-05-20 00:02:09.495000,1.12011,1.12007,1000000,4500000
2016-05-20 00:02:09.799000,1.12010,1.12006,1500000,3750000
2016-05-20 00:02:10.204000,1.12010,1.12006,1000000,2440000
2016-05-20 00:02:10.896000,1.12011,1.12006,5810000,3940000
2016-05-20 00:02:11.995000,1.12010,1.12006,1000000,2810000
2016-05-20 00:02:16.163000,1.12009,1.12006,1000000,1690000
2016-05-20 00:02:17.382000,1.12010,1.12006,4870000,3940000
2016-05-20 00:02:18.163000,1.12009,1.12006,1000000,1190000
2016-05-20 00:02:18.770000,1.12008,1.12006,1000000,1190000
2016-05-20 00:02:19.303000,1.12009,1.12006,1500000,1190000
2016-05-20 00:02:26.260000,1.12009,1.12006,1000000,1190000
2016-05-20 00:02:27.062000,1.12010,1.12006,2250000,1190000
2016-05-20 00:02:27.366000,1.12010,1.12006,8700000,1190000
2016-05-20 00:02:29.116000,1.12009,1.12007,2250000,1250000
2016-05-20 00:02:29.218000,1.12011,1.12006,6260000,5810000
2016-05-20 00:02:29.724000,1.12011,1.12008,1690000,1120000
2016-05-20 00:02:30.366000,1.12012,1.12007,4310000,2890000
2016-05-20 00:02:30.568000,1.12012,1.12009,4310000,1500000
2016-05-20 00:02:30.772000,1.12013,1.12009,8510000,1690000
2016-05-20 00:02:34.344000,1.12012,1.12008,2250000,4200000
2016-05-20 00:02:35.232000,1.12013,1.12008,15380000,3370000
2016-05-20 00:02:35.793000,1.12013,1.12009,9000000,1500000
2016-05-20 00:02:41.119000,1.12012,1.12009,1000000,1120000
2016-05-20 00:02:41.431000,1.12011,1.12007,3940000,3000000
2016-05-20 00:02:41.938000,1.12010,1.12007,5250000,1250000
2016-05-20 00:02:42.494000,1.12009,1.12006,1000000,2060000
2016-05-20 00:02:42.855000,1.12006,1.12004,1000000,1120000
2016-05-20 00:02:42.957000,1.12006,1.12002,3000000,3750000
2016-05-20 00:02:43.464000,1.12005,1.12000,1500000,12000000
2016-05-20 00:02:44.071000,1.12005,1.12000,1500000,12000000
2016-05-20 00:02:46.745000,1.12005,1.12001,1500000,1000000
2016-05-20 00:02:47.885000,1.12006,1.12001,5320000,1870000
2016-05-20 00:02:48.038000,1.12007,1.12003,5620000,1000000
2016-05-20 00:02:48.552000,1.12007,1.12003,8060000,1000000
2016-05-20 00:02:48.856000,1.12007,1.12004,6370000,1190000
2016-05-20 00:02:49.361000,1.12008,1.12004,6820000,2440000
2016-05-20 00:02:50.940000,1.12008,1.12007,6000000,1000000
2016-05-20 00:02:51.042000,1.12010,1.12007,1500000,1690000
2016-05-20 00:02:51.194000,1.12012,1.12008,2440000,1690000
2016-05-20 00:02:54.025000,1.12011,1.12008,1000000,1310000
2016-05-20 00:02:54.632000,1.12011,1.12008,1000000,2440000
2016-05-20 00:02:54.784000,1.12013,1.12010,2060000,1500000
2016-05-20 00:02:56.194000,1.12015,1.12011,9560000,1000000
2016-05-20 00:02:56.246000,1.12015,1.12013,1250000,3000000
2016-05-20 00:02:56.297000,1.12018,1.12014,6560000,1000000
2016-05-20 00:02:56.500000,1.12019,1.12015,1690000,3190000
2016-05-20 00:02:57.566000,1.12020,1.12016,3940000,1500000
2016-05-20 00:02:58.891000,1.12018,1.12016,1500000,1500000
2016-05-20 00:02:59.094000,1.12018,1.12014,2250000,4120000
2016-05-20 00:03:00.086000,1.12018,1.12015,1950000,2620000
2016-05-20 00:03:00.591000,1.12019,1.12015,1010000,3940000
2016-05-20 00:03:01.098000,1.12019,1.12015,1010000,3190000
2016-05-20 00:03:02.313000,1.12020,1.12018,3260000,1000000
2016-05-20 00:03:02.466000,1.12021,1.12020,1000000,2250000
2016-05-20 00:03:02.517000,1.12022,1.12018,1000000,4120000
2016-05-20 00:03:02.619000,1.12023,1.12020,1250000,1000000
2016-05-20 00:03:05.927000,1.12023,1.12019,2060000,1120000
2016-05-20 00:03:06.634000,1.12021,1.12018,1000000,4950000
2016-05-20 00:03:07.040000,1.12022,1.12020,1000000,2060000
2016-05-20 00:03:07.545000,1.12025,1.12020,10010000,2810000
2016-05-20 00:03:08.651000,1.12023,1.12020,1250000,2060000
2016-05-20 00:03:12.711000,1.12022,1.12020,2250000,1120000
2016-05-20 00:03:12.813000,1.12021,1.12018,2250000,3000000
2016-05-20 00:03:13.015000,1.12019,1.12017,1690000,1000000
2016-05-20 00:03:13.861000,1.12020,1.12018,2250000,1000000
2016-05-20 00:03:14.519000,1.12020,1.12016,1000000,1120000
2016-05-20 00:03:18.389000,1.12019,1.12016,1000000,1120000
2016-05-20 00:03:18.904000,1.12019,1.12015,1250000,1120000
2016-05-20 00:03:21.402000,1.12020,1.12016,4500000,1000000
2016-05-20 00:03:26.529000,1.12020,1.12017,1000000,1000000
2016-05-20 00:03:28.136000,1.12020,1.12016,1000000,1870000
2016-05-20 00:03:35.458000,1.12020,1.12016,1000000,2620000
2016-05-20 00:03:36.102000,1.12021,1.12016,7690000,2620000
2016-05-20 00:03:38.485000,1.12021,1.12016,9000000,2620000
2016-05-20 00:03:39.009000,1.12020,1.12016,1120000,1120000
2016-05-20 00:03:40.474000,1.12020,1.12016,1000000,3000000
2016-05-20 00:03:41.122000,1.12021,1.12017,5250000,1120000
2016-05-20 00:03:44.441000,1.12020,1.12016,1120000,4120000
2016-05-20 00:03:45.809000,1.12020,1.12016,1000000,2250000
2016-05-20 00:03:49.204000,1.12020,1.12018,1000000,1000000
2016-05-20 00:03:49.407000,1.12022,1.12019,2320000,2250000
2016-05-20 00:03:49.509000,1.12023,1.12021,1690000,1000000
2016-05-20 00:03:51.253000,1.12023,1.12020,1000000,4500000
2016-05-20 00:03:52.376000,1.12023,1.12021,1250000,1000000
2016-05-20 00:03:53.881000,1.12024,1.12022,1190000,1500000
2016-05-20 00:03:58.181000,1.12023,1.12021,1250000,3370000
2016-05-20 00:03:59.221000,1.12023,1.12020,1250000,9000000
2016-05-20 00:03:59.731000,1.12024,1.12021,1190000,2250000
2016-05-20 00:04:00.846000,1.12025,1.12023,1500000,1000000
2016-05-20 00:04:01.200000,1.12027,1.12024,1000000,1500000
2016-05-20 00:04:02.059000,1.12029,1.12024,6410000,1500000
2016-05-20 00:04:02.674000,1.12028,1.12023,1200000,3750000
2016-05-20 00:04:03.180000,1.12029,1.12024,9790000,1870000
2016-05-20 00:04:03.788000,1.12028,1.12023,2020000,5250000
2016-05-20 00:04:11.166000,1.12028,1.12023,1650000,3370000
2016-05-20 00:04:15.002000,1.12028,1.12026,1270000,3000000
2016-05-20 00:04:15.306000,1.12032,1.12030,1000000,1000000
2016-05-20 00:04:16.431000,1.12031,1.12030,1000000,1000000
2016-05-20 00:04:16.595000,1.12030,1.12029,1000000,1000000
2016-05-20 00:04:18.319000,1.12031,1.12029,3750000,1000000
2016-05-20 00:04:18.472000,1.12032,1.12031,1500000,1000000
2016-05-20 00:04:18.978000,1.12033,1.12031,4570000,2250000
2016-05-20 00:04:20.594000,1.12033,1.12031,2550000,1000000
2016-05-20 00:04:21.140000,1.12033,1.12031,2250000,1000000
2016-05-20 00:04:23.495000,1.12031,1.12030,1000000,1000000
2016-05-20 00:04:23.698000,1.12031,1.12029,5620000,1000000
2016-05-20 00:04:35.782000,1.12031,1.12029,3000000,1000000
2016-05-20 00:04:36.109000,1.12034,1.12032,3410000,1000000
2016-05-20 00:04:36.625000,1.12034,1.12032,1000000,1000000
2016-05-20 00:04:45,1.12038,1.12035,8810000,1000000
2016-05-20 00:04:45.305000,1.12041,1.12039,1870000,1000000
2016-05-20 00:04:48.951000,1.12040,1.12038,3000000,1000000
2016-05-20 00:04:50.770000,1.12041,1.12039,1500000,1000000
2016-05-20 00:04:51.284000,1.12040,1.12038,3750000,1000000
2016-05-20 00:04:51.840000,1.12038,1.12037,1000000,1120000
2016-05-20 00:04:51.891000,1.12038,1.12036,1870000,6560000
2016-05-20 00:04:51.942000,1.12037,1.12035,1000000,4310000
2016-05-20 00:04:52.196000,1.12036,1.12033,6370000,1000000
2016-05-20 00:04:52.825000,1.12036,1.12033,7500000,1000000
2016-05-20 00:04:57.102000,1.12033,1.12031,1500000,1000000
2016-05-20 00:04:57.507000,1.12031,1.12029,1000000,1000000
2016-05-20 00:04:57.609000,1.12031,1.12028,2620000,1000000
2016-05-20 00:04:58.131000,1.12030,1.12028,1120000,1000000
2016-05-20 00:05:00.687000,1.12029,1.12027,1000000,1000000
2016-05-20 00:05:01.193000,1.12030,1.12027,7310000,1000000
2016-05-20 00:05:03.669000,1.12030,1.12028,11620000,1000000
2016-05-20 00:05:10.157000,1.12030,1.12028,5250000,1000000
2016-05-20 00:05:11.290000,1.12030,1.12028,6750000,1000000
2016-05-20 00:05:15.871000,1.12030,1.12028,7500000,1000000
2016-05-20 00:05:17.076000,1.12030,1.12028,8250000,1000000
2016-05-20 00:05:17.229000,1.12033,1.12030,12370000,1000000
2016-05-20 00:05:17.736000,1.12032,1.12029,2620000,1000000
2016-05-20 00:05:17.837000,1.12032,1.12030,4870000,1000000
2016-05-20 00:05:18.387000,1.12031,1.12029,1120000,1000000
2016-05-20 00:05:20.143000,1.12031,1.12029,1000000,1000000
2016-05-20 00:05:20.649000,1.12032,1.12030,6000000,1000000
2016-05-20 00:05:21.154000,1.12031,1.12029,4120000,1000000
2016-05-20 00:05:22.242000,1.12031,1.12029,4870000,1000000
2016-05-20 00:05:22.790000,1.12031,1.12029,4870000,1000000
2016-05-20 00:05:28.767000,1.12031,1.12029,4120000,1000000
2016-05-20 00:05:30.168000,1.12033,1.12030,14320000,1000000
2016-05-20 00:05:30.674000,1.12032,1.12030,2620000,1000000
2016-05-20 00:05:33.174000,1.12031,1.12030,1500000,1000000
2016-05-20 00:05:35.376000,1.12032,1.12030,6000000,1000000
2016-05-20 00:05:35.528000,1.12033,1.12031,7950000,1250000
2016-05-20 00:05:35.579000,1.12035,1.12033,12940000,1000000
2016-05-20 00:05:35.782000,1.12036,1.12034,6070000,1000000
2016-05-20 00:05:35.884000,1.12038,1.12036,2210000,1000000
2016-05-20 00:05:36.397000,1.12039,1.12036,5510000,1000000
2016-05-20 00:05:36.751000,1.12040,1.12037,5620000,1000000
2016-05-20 00:05:37.005000,1.12041,1.12039,6560000,1000000
2016-05-20 00:05:37.056000,1.12043,1.12040,3750000,1000000
2016-05-20 00:05:37.326000,1.12044,1.12042,3190000,1000000
2016-05-20 00:05:37.580000,1.12042,1.12040,1000000,1000000
2016-05-20 00:05:37.682000,1.12041,1.12039,1500000,1000000
2016-05-20 00:05:38.188000,1.12042,1.12039,1500000,1000000
2016-05-20 00:05:38.730000,1.12041,1.12039,1000000,1000000
2016-05-20 00:05:44.106000,1.12040,1.12039,1000000,1000000
2016-05-20 00:05:44.613000,1.12041,1.12038,6000000,1000000
2016-05-20 00:05:45.119000,1.12041,1.12039,4870000,1000000
2016-05-20 00:05:45.271000,1.12043,1.12040,4870000,1000000
2016-05-20 00:05:45.474000,1.12044,1.12042,1570000,1000000
2016-05-20 00:05:46.018000,1.12044,1.12042,1000000,1000000
2016-05-20 00:05:46.373000,1.12047,1.12046,1500000,1000000
2016-05-20 00:05:46.679000,1.12050,1.12048,5700000,1000000
2016-05-20 00:05:47.046000,1.12055,1.12052,7120000,1000000
2016-05-20 00:05:47.552000,1.12056,1.12052,3190000,3000000
2016-05-20 00:05:47.603000,1.12056,1.12055,1250000,1000000
2016-05-20 00:05:47.705000,1.12059,1.12057,4800000,1000000
2016-05-20 00:05:48.187000,1.12058,1.12055,1000000,1000000
2016-05-20 00:05:48.240000,1.12056,1.12055,1000000,1000000
2016-05-20 00:05:48.292000,1.12056,1.12053,1000000,1500000
2016-05-20 00:05:48.698000,1.12053,1.12051,3000000,1500000
2016-05-20 00:05:49.002000,1.12051,1.12048,1000000,1000000
2016-05-20 00:05:49.529000,1.12051,1.12047,5250000,1000000
2016-05-20 00:05:50.034000,1.12051,1.12047,6560000,1000000
2016-05-20 00:05:50.995000,1.12051,1.12048,7120000,1000000
2016-05-20 00:05:53.154000,1.12050,1.12048,1000000,1000000
2016-05-20 00:05:54.145000,1.12051,1.12048,8250000,1000000
2016-05-20 00:05:55.124000,1.12050,1.12048,1500000,1000000
2016-05-20 00:05:55.631000,1.12050,1.12048,3000000,1000000
2016-05-20 00:05:56.486000,1.12050,1.12048,4120000,1000000
2016-05-20 00:05:56.993000,1.12051,1.12049,7310000,1000000
2016-05-20 00:05:59.023000,1.12050,1.12048,2250000,1000000
2016-05-20 00:06:00.138000,1.12050,1.12048,3750000,1000000
2016-05-20 00:06:05.042000,1.12050,1.12048,3750000,1000000
2016-05-20 00:06:06.053000,1.12049,1.12048,1000000,1000000
2016-05-20 00:06:09.529000,1.12048,1.12047,1650000,1250000
2016-05-20 00:06:10.045000,1.12048,1.12046,1000000,1000000
2016-05-20 00:06:10.552000,1.12047,1.12046,2250000,1000000
2016-05-20 00:06:10.655000,1.12045,1.12044,1000000,1000000
2016-05-20 00:06:11.161000,1.12045,1.12043,1000000,1250000
2016-05-20 00:06:11.934000,1.12046,1.12043,7500000,1250000
2016-05-20 00:06:12.137000,1.12046,1.12045,1500000,1500000
2016-05-20 00:06:12.289000,1.12048,1.12045,1100000,1000000
2016-05-20 00:06:12.341000,1.12048,1.12046,1000000,1000000
2016-05-20 00:06:22.810000,1.12047,1.12046,1000000,1000000
2016-05-20 00:06:23.316000,1.12048,1.12046,6370000,1000000
2016-05-20 00:06:25.062000,1.12049,1.12046,10010000,1000000
2016-05-20 00:06:25.616000,1.12049,1.12047,8510000,1000000
2016-05-20 00:06:26.180000,1.12048,1.12046,3000000,1000000
2016-05-20 00:06:27.053000,1.12046,1.12045,1000000,1000000
2016-05-20 00:06:27.560000,1.12046,1.12044,5250000,1000000
2016-05-20 00:06:28.555000,1.12045,1.12043,1000000,1000000
2016-05-20 00:06:29.062000,1.12046,1.12044,8250000,1000000
2016-05-20 00:06:29.587000,1.12046,1.12044,8250000,1000000
2016-05-20 00:06:30.202000,1.12046,1.12044,3000000,1000000
2016-05-20 00:06:33.636000,1.12047,1.12045,4500000,1000000
2016-05-20 00:06:36.352000,1.12046,1.12045,1000000,1000000
2016-05-20 00:06:36.858000,1.12045,1.12044,3750000,1000000
2016-05-20 00:06:37.364000,1.12045,1.12043,1500000,1000000
2016-05-20 00:06:38.078000,1.12046,1.12044,7120000,1000000
2016-05-20 00:06:38.382000,1.12047,1.12045,4870000,1000000
2016-05-20 00:06:39.242000,1.12048,1.12045,8960000,1000000
2016-05-20 00:06:42.498000,1.12046,1.12045,1500000,1000000
2016-05-20 00:06:43.005000,1.12045,1.12044,1000000,1000000
2016-05-20 00:06:44.691000,1.12046,1.12044,10120000,1000000
2016-05-20 00:06:46.225000,1.12047,1.12045,1500000,1000000
2016-05-20 00:06:46.529000,1.12050,1.12048,12000000,1000000
2016-05-20 00:06:46.836000,1.12051,1.12050,1500000,1000000
2016-05-20 00:06:47.343000,1.12052,1.12050,4690000,1000000
2016-05-20 00:06:55.051000,1.12052,1.12051,2440000,1000000
2016-05-20 00:06:55.153000,1.12054,1.12052,2510000,1000000
2016-05-20 00:06:55.350000,1.12056,1.12054,4870000,1000000
2016-05-20 00:06:55.555000,1.12057,1.12055,1000000,1500000
2016-05-20 00:06:56.061000,1.12058,1.12055,2170000,1870000
2016-05-20 00:06:56.416000,1.12056,1.12055,1000000,1000000
2016-05-20 00:06:56.917000,1.12056,1.12054,1500000,1120000
2016-05-20 00:07:01.276000,1.12057,1.12055,2510000,1000000
2016-05-20 00:07:01.580000,1.12059,1.12057,1100000,1000000
2016-05-20 00:07:01.885000,1.12060,1.12058,1000000,1000000
2016-05-20 00:07:02.390000,1.12060,1.12058,1120000,1000000
2016-05-20 00:07:02.922000,1.12059,1.12058,1000000,1000000
2016-05-20 00:07:04.778000,1.12060,1.12058,1000000,1000000
2016-05-20 00:07:07.083000,1.12060,1.12057,1500000,1120000
2016-05-20 00:07:08.341000,1.12060,1.12059,1500000,1000000
2016-05-20 00:07:08.645000,1.12062,1.12060,1760000,1000000
2016-05-20 00:07:09.100000,1.12061,1.12059,4010000,1000000
2016-05-20 00:07:14.110000,1.12062,1.12060,9940000,1000000
2016-05-20 00:07:14.464000,1.12063,1.12061,5020000,1000000
2016-05-20 00:07:14.772000,1.12065,1.12063,6750000,1000000
2016-05-20 00:07:14.925000,1.12066,1.12064,6640000,1000000
2016-05-20 00:07:19.351000,1.12066,1.12064,6640000,1000000
2016-05-20 00:07:19.864000,1.12067,1.12065,1500000,1000000
2016-05-20 00:07:19.915000,1.12068,1.12066,2700000,1000000
2016-05-20 00:07:20.449000,1.12067,1.12065,3190000,1000000
2016-05-20 00:07:20.652000,1.12066,1.12064,3370000,1000000
2016-05-20 00:07:20.805000,1.12063,1.12061,1000000,1370000
2016-05-20 00:07:20.856000,1.12062,1.12061,1000000,1000000
2016-05-20 00:07:20.907000,1.12062,1.12061,3000000,1000000
2016-05-20 00:07:21.261000,1.12058,1.12057,1000000,1000000
2016-05-20 00:07:21.677000,1.12060,1.12058,3820000,1000000
2016-05-20 00:07:22.183000,1.12061,1.12059,4760000,1000000
2016-05-20 00:07:22.536000,1.12060,1.12057,1000000,1120000
2016-05-20 00:07:22.689000,1.12058,1.12056,1000000,1470000
2016-05-20 00:07:23.043000,1.12060,1.12056,4570000,1370000
2016-05-20 00:07:23.261000,1.12062,1.12059,6190000,1000000
2016-05-20 00:07:24.434000,1.12063,1.12060,2250000,1000000
2016-05-20 00:07:27.338000,1.12062,1.12059,1120000,1000000
2016-05-20 00:07:27.843000,1.12061,1.12058,4870000,1000000
2016-05-20 00:07:33.126000,1.12060,1.12058,1000000,1000000
2016-05-20 00:07:33.552000,1.12063,1.12060,3370000,1000000
2016-05-20 00:07:34.169000,1.12064,1.12061,9750000,1000000
2016-05-20 00:07:38.813000,1.12063,1.12060,3560000,1000000
2016-05-20 00:07:39.609000,1.12061,1.12059,1690000,1000000
2016-05-20 00:07:40.081000,1.12061,1.12059,1690000,1000000
2016-05-20 00:07:40.435000,1.12061,1.12057,1690000,8320000
2016-05-20 00:07:44.200000,1.12061,1.12057,2440000,3370000
2016-05-20 00:07:51.298000,1.12061,1.12059,7500000,1000000
2016-05-20 00:07:51.882000,1.12061,1.12059,3190000,1000000
2016-05-20 00:07:52.410000,1.12059,1.12058,1500000,1000000
2016-05-20 00:07:52.462000,1.12059,1.12055,1500000,2700000
2016-05-20 00:07:53,1.12060,1.12055,6640000,2700000
2016-05-20 00:07:53.506000,1.12059,1.12055,3000000,1950000
2016-05-20 00:07:54.503000,1.12060,1.12058,8140000,1000000
2016-05-20 00:07:57.113000,1.12060,1.12058,3260000,1000000
2016-05-20 00:07:58.831000,1.12059,1.12058,1500000,1000000
2016-05-20 00:07:59.337000,1.12059,1.12058,1500000,1000000
2016-05-20 00:07:59.949000,1.12060,1.12058,4390000,1000000
2016-05-20 00:08:01.284000,1.12061,1.12058,11440000,1000000
2016-05-20 00:08:04.727000,1.12061,1.12059,6190000,1000000
2016-05-20 00:08:05.234000,1.12061,1.12060,1500000,1000000
2016-05-20 00:08:05.387000,1.12060,1.12059,1500000,1000000
2016-05-20 00:08:05.985000,1.12059,1.12058,1000000,1000000
2016-05-20 00:08:06.498000,1.12059,1.12058,1500000,1000000
2016-05-20 00:08:14.546000,1.12060,1.12058,7690000,1000000
2016-05-20 00:08:15.858000,1.12059,1.12058,1000000,1000000
2016-05-20 00:08:18.669000,1.12061,1.12058,5320000,1000000
2016-05-20 00:08:18.821000,1.12062,1.12060,10310000,1000000
2016-05-20 00:08:19.125000,1.12061,1.12059,1500000,1000000
2016-05-20 00:08:19.631000,1.12060,1.12059,1000000,1000000
2016-05-20 00:08:20.265000,1.12061,1.12059,1500000,1000000
2016-05-20 00:08:20.774000,1.12062,1.12060,1760000,1000000
2016-05-20 00:08:26.420000,1.12061,1.12060,1000000,1000000
2016-05-20 00:08:26.674000,1.12059,1.12058,1000000,1000000
2016-05-20 00:08:27.183000,1.12059,1.12057,3000000,1000000
2016-05-20 00:08:30.291000,1.12058,1.12057,1000000,1000000
2016-05-20 00:08:30.696000,1.12057,1.12056,1000000,1000000
2016-05-20 00:08:31.106000,1.12059,1.12057,1500000,1000000
2016-05-20 00:08:31.644000,1.12060,1.12057,1000000,1000000
2016-05-20 00:08:32.149000,1.12059,1.12057,1000000,1000000
2016-05-20 00:08:32.655000,1.12058,1.12056,1000000,1000000
2016-05-20 00:08:35.359000,1.12056,1.12055,1500000,1000000
2016-05-20 00:08:35.511000,1.12056,1.12054,6000000,1000000
2016-05-20 00:08:35.613000,1.12054,1.12052,1000000,1500000
2016-05-20 00:08:36.119000,1.12055,1.12052,1500000,1000000
2016-05-20 00:08:36.667000,1.12055,1.12051,1100000,4120000
2016-05-20 00:08:41.423000,1.12055,1.12052,2510000,1000000
2016-05-20 00:08:42.626000,1.12055,1.12051,3260000,3370000
2016-05-20 00:08:43.687000,1.12055,1.12050,3640000,8140000
2016-05-20 00:08:45.748000,1.12055,1.12051,2890000,1000000
2016-05-20 00:08:46.256000,1.12054,1.12051,1000000,3000000
2016-05-20 00:08:47.288000,1.12055,1.12051,2140000,1500000
2016-05-20 00:08:47.793000,1.12055,1.12052,3260000,1000000
2016-05-20 00:08:48.406000,1.12055,1.12052,7310000,1000000
2016-05-20 00:08:48.911000,1.12054,1.12051,4310000,1000000
2016-05-20 00:08:49.417000,1.12054,1.12050,2960000,1500000
2016-05-20 00:08:49.519000,1.12052,1.12048,1500000,4010000
2016-05-20 00:08:49.671000,1.12050,1.12049,1250000,1000000
2016-05-20 00:08:50.653000,1.12052,1.12049,2140000,1500000
2016-05-20 00:08:51.197000,1.12052,1.12050,1390000,1000000
2016-05-20 00:08:51.868000,1.12053,1.12050,12190000,1000000
2016-05-20 00:08:55.934000,1.12053,1.12051,1000000,1000000
2016-05-20 00:08:56.487000,1.12054,1.12051,3640000,1000000
2016-05-20 00:08:59.134000,1.12055,1.12052,12190000,1000000
2016-05-20 00:09:02.370000,1.12055,1.12052,1390000,1500000
2016-05-20 00:09:04.448000,1.12055,1.12053,5890000,1000000
2016-05-20 00:09:05.043000,1.12055,1.12052,5890000,1000000
2016-05-20 00:09:06.298000,1.12053,1.12052,1000000,1000000
2016-05-20 00:09:06.589000,1.12052,1.12049,1190000,1500000
2016-05-20 00:09:06.741000,1.12052,1.12051,1250000,1000000
2016-05-20 00:09:09.246000,1.12052,1.12050,1190000,1000000
2016-05-20 00:09:09.555000,1.12054,1.12049,4310000,2250000
2016-05-20 00:09:09.608000,1.12053,1.12051,1250000,1000000
2016-05-20 00:09:16.046000,1.12052,1.12050,1190000,1950000
2016-05-20 00:09:16.148000,1.12053,1.12051,1250000,1000000
2016-05-20 00:09:17.690000,1.12052,1.12050,1190000,1200000
2016-05-20 00:09:17.893000,1.12052,1.12049,1690000,1200000
2016-05-20 00:09:18.676000,1.12053,1.12049,6110000,2320000
2016-05-20 00:09:19.190000,1.12053,1.12050,5060000,1000000
2016-05-20 00:09:19.241000,1.12052,1.12050,1190000,1000000
2016-05-20 00:09:19.646000,1.12050,1.12048,1000000,2890000
2016-05-20 00:09:20.178000,1.12050,1.12047,3000000,1200000
2016-05-20 00:09:34.615000,1.12049,1.12047,1000000,1100000
2016-05-20 00:09:35.163000,1.12049,1.12046,1000000,3820000
2016-05-20 00:09:42.048000,1.12050,1.12046,3750000,3070000
2016-05-20 00:09:44.497000,1.12049,1.12046,1000000,3450000
2016-05-20 00:09:45.986000,1.12049,1.12046,3190000,1950000
2016-05-20 00:10:00.625000,1.12049,1.12047,1390000,1000000
2016-05-20 00:10:01.143000,1.12050,1.12047,2440000,1000000
2016-05-20 00:10:01.790000,1.12050,1.12047,3940000,1500000
2016-05-20 00:10:08.247000,1.12051,1.12047,3370000,1500000
2016-05-20 00:10:10.066000,1.12048,1.12047,1000000,2250000
2016-05-20 00:10:10.573000,1.12049,1.12046,4310000,1000000
2016-05-20 00:10:11.101000,1.12049,1.12046,3370000,1000000
2016-05-20 00:10:13.319000,1.12047,1.12046,1500000,1000000
2016-05-20 00:10:13.827000,1.12049,1.12046,1120000,1500000
2016-05-20 00:10:14.354000,1.12049,1.12046,2250000,1500000
2016-05-20 00:10:14.962000,1.12049,1.12047,2250000,1000000
2016-05-20 00:10:17.466000,1.12049,1.12047,2400000,1000000
2016-05-20 00:10:17.972000,1.12049,1.12046,4570000,1500000
2016-05-20 00:10:20.942000,1.12049,1.12047,1450000,1000000
2016-05-20 00:10:21.652000,1.12049,1.12047,1200000,1000000
2016-05-20 00:10:21.753000,1.12050,1.12048,1100000,1000000
2016-05-20 00:10:22.288000,1.12050,1.12047,3750000,1100000
2016-05-20 00:10:23.799000,1.12051,1.12048,2620000,1500000
2016-05-20 00:10:24.304000,1.12050,1.12047,1870000,1100000
2016-05-20 00:10:28.062000,1.12050,1.12048,2320000,1000000
2016-05-20 00:10:28.265000,1.12052,1.12049,1310000,1000000
2016-05-20 00:10:28.871000,1.12051,1.12048,1000000,2320000
2016-05-20 00:10:29.377000,1.12052,1.12048,2060000,2320000
2016-05-20 00:10:30.151000,1.12052,1.12049,2060000,1000000
2016-05-20 00:10:33.571000,1.12052,1.12050,2060000,1000000
2016-05-20 00:10:33.723000,1.12054,1.12051,2140000,3750000
2016-05-20 00:10:34.268000,1.12055,1.12052,1120000,1000000
2016-05-20 00:10:34.876000,1.12056,1.12052,1200000,1000000
2016-05-20 00:10:38.448000,1.12056,1.12053,1200000,1000000
2016-05-20 00:10:39.004000,1.12056,1.12052,1950000,3000000
2016-05-20 00:10:42.097000,1.12056,1.12053,3450000,1000000
2016-05-20 00:10:42.613000,1.12056,1.12054,3450000,1000000
2016-05-20 00:10:45.097000,1.12056,1.12053,2700000,3000000
2016-05-20 00:10:47.302000,1.12056,1.12054,1100000,2250000
2016-05-20 00:10:47.405000,1.12057,1.12055,3370000,1500000
2016-05-20 00:10:47.456000,1.12058,1.12056,3450000,1500000
2016-05-20 00:10:47.760000,1.12060,1.12057,1000000,3000000
2016-05-20 00:10:48.357000,1.12060,1.12056,1000000,3750000
2016-05-20 00:10:48.862000,1.12061,1.12057,9560000,1000000
2016-05-20 00:10:51.612000,1.12061,1.12058,8060000,2250000
2016-05-20 00:10:52.680000,1.12061,1.12059,1690000,1000000
2016-05-20 00:10:53.085000,1.12061,1.12057,2250000,2890000
2016-05-20 00:10:54.268000,1.12060,1.12057,1000000,1010000
2016-05-20 00:10:56.486000,1.12061,1.12058,3560000,1500000
2016-05-20 00:10:57.093000,1.12061,1.12057,1250000,3070000
2016-05-20 00:11:02.734000,1.12060,1.12057,1000000,1570000
2016-05-20 00:11:06.930000,1.12059,1.12056,1120000,4310000
2016-05-20 00:11:07.133000,1.12058,1.12055,1500000,3750000
2016-05-20 00:11:07.436000,1.12059,1.12057,1100000,1500000
2016-05-20 00:11:08.077000,1.12056,1.12055,1500000,1100000
2016-05-20 00:11:08.128000,1.12056,1.12052,3000000,6940000
2016-05-20 00:11:08.332000,1.12055,1.12051,1500000,1570000
2016-05-20 00:11:08.484000,1.12053,1.12050,1000000,4760000
2016-05-20 00:11:08.992000,1.12054,1.12049,5620000,1500000
2016-05-20 00:11:10.069000,1.12051,1.12049,1000000,3000000
2016-05-20 00:11:10.222000,1.12050,1.12047,1000000,1000000
2016-05-20 00:11:10.899000,1.12050,1.12048,1500000,1500000
2016-05-20 00:11:11.406000,1.12051,1.12048,1250000,1000000
2016-05-20 00:11:11.983000,1.12050,1.12047,1100000,1500000
2016-05-20 00:11:13.833000,1.12049,1.12046,1000000,2250000
2016-05-20 00:11:14.339000,1.12049,1.12046,2060000,2250000
2016-05-20 00:11:14.947000,1.12050,1.12046,3000000,4500000
2016-05-20 00:11:16.758000,1.12048,1.12046,1420000,1000000
2016-05-20 00:11:17.268000,1.12048,1.12046,4390000,1000000
2016-05-20 00:11:17.574000,1.12045,1.12043,1200000,1000000
2016-05-20 00:11:18.123000,1.12045,1.12042,2620000,1000000
2016-05-20 00:11:18.175000,1.12045,1.12041,2620000,2250000
2016-05-20 00:11:18.691000,1.12045,1.12040,9820000,4500000
2016-05-20 00:11:19.197000,1.12044,1.12040,1000000,4500000
2016-05-20 00:11:21.906000,1.12044,1.12040,2400000,1500000
2016-05-20 00:11:23.317000,1.12044,1.12040,3560000,1500000
2016-05-20 00:11:27.293000,1.12044,1.12041,1000000,1000000
2016-05-20 00:11:27.800000,1.12044,1.12040,1000000,5250000
2016-05-20 00:11:32.051000,1.12044,1.12041,1000000,1000000
2016-05-20 00:11:32.558000,1.12044,1.12040,1500000,6750000
2016-05-20 00:11:33.266000,1.12045,1.12040,5810000,3000000
2016-05-20 00:11:33.805000,1.12045,1.12041,3190000,1500000
2016-05-20 00:11:36.171000,1.12044,1.12041,1000000,1000000
2016-05-20 00:11:37.151000,1.12045,1.12041,3940000,1000000
2016-05-20 00:11:38.179000,1.12044,1.12041,1000000,1000000
2016-05-20 00:11:39.207000,1.12044,1.12042,1000000,1000000
2016-05-20 00:11:39.733000,1.12045,1.12042,1310000,3000000
2016-05-20 00:11:43.293000,1.12045,1.12043,1250000,1000000
2016-05-20 00:11:43.833000,1.12045,1.12042,1250000,3750000
2016-05-20 00:11:47.089000,1.12045,1.12041,1690000,3940000
2016-05-20 00:11:47.622000,1.12045,1.12040,5440000,4570000
2016-05-20 00:11:49.232000,1.12045,1.12042,2440000,1000000
2016-05-20 00:11:52.163000,1.12045,1.12041,1690000,3820000
2016-05-20 00:11:58.892000,1.12045,1.12042,2810000,1000000
2016-05-20 00:12:00.581000,1.12046,1.12043,6190000,1000000
2016-05-20 00:12:01.314000,1.12045,1.12042,1250000,1120000
2016-05-20 00:12:02.460000,1.12046,1.12043,5810000,1000000
2016-05-20 00:12:02.691000,1.12047,1.12043,1120000,3000000
2016-05-20 00:12:03.197000,1.12046,1.12042,2250000,3450000
2016-05-20 00:12:06.051000,1.12044,1.12042,1000000,1000000
2016-05-20 00:12:06.558000,1.12045,1.12042,1120000,2250000
2016-05-20 00:12:07.462000,1.12046,1.12042,5510000,1500000
2016-05-20 00:12:07.769000,1.12049,1.12047,1250000,1000000
2016-05-20 00:12:08.174000,1.12051,1.12049,7870000,1000000
2016-05-20 00:12:08.327000,1.12052,1.12049,1690000,1000000
2016-05-20 00:12:08.631000,1.12051,1.12047,1500000,4120000
2016-05-20 00:12:08.897000,1.12053,1.12050,7390000,1500000
2016-05-20 00:12:09.403000,1.12053,1.12049,2060000,1000000
2016-05-20 00:12:09.909000,1.12053,1.12050,1310000,1500000
2016-05-20 00:12:12.427000,1.12053,1.12051,1000000,1000000
2016-05-20 00:12:12.579000,1.12055,1.12052,1690000,1500000
2016-05-20 00:12:12.891000,1.12056,1.12054,1500000,1000000
2016-05-20 00:12:12.993000,1.12055,1.12052,1000000,3000000
2016-05-20 00:12:13.499000,1.12055,1.12051,1500000,2250000
2016-05-20 00:12:14.236000,1.12055,1.12050,1870000,3750000
2016-05-20 00:12:14.489000,1.12054,1.12050,2770000,2250000
2016-05-20 00:12:15.008000,1.12054,1.12050,1870000,3000000
2016-05-20 00:12:15.522000,1.12054,1.12051,3000000,1000000
2016-05-20 00:12:17.296000,1.12053,1.12051,1000000,1000000
2016-05-20 00:12:17.499000,1.12052,1.12049,1000000,2440000
2016-05-20 00:12:19.751000,1.12053,1.12049,3000000,3190000
2016-05-20 00:12:21.042000,1.12053,1.12051,1000000,1000000
2016-05-20 00:12:21.548000,1.12054,1.12051,1500000,1000000
2016-05-20 00:12:22.080000,1.12053,1.12051,1000000,1000000
2016-05-20 00:12:23.051000,1.12052,1.12051,1000000,1000000
2016-05-20 00:12:23.102000,1.12051,1.12049,1000000,1500000
2016-05-20 00:12:23.305000,1.12050,1.12047,3750000,1500000
2016-05-20 00:12:25.193000,1.12051,1.12048,3070000,1500000
2016-05-20 00:12:25.710000,1.12052,1.12049,4570000,1500000
2016-05-20 00:12:27.195000,1.12051,1.12049,1000000,1500000
2016-05-20 00:12:27.412000,1.12050,1.12047,1650000,3370000
2016-05-20 00:12:27.935000,1.12048,1.12046,1000000,1000000
2016-05-20 00:12:28.350000,1.12050,1.12046,7010000,1000000
2016-05-20 00:12:28.872000,1.12051,1.12047,7870000,1500000
2016-05-20 00:12:31.973000,1.12051,1.12047,7570000,3000000
2016-05-20 00:12:32.492000,1.12050,1.12047,3750000,1500000
2016-05-20 00:12:35.281000,1.12049,1.12047,1000000,1000000
2016-05-20 00:12:35.810000,1.12049,1.12046,2250000,1500000
2016-05-20 00:12:36.520000,1.12049,1.12048,1500000,1000000
2016-05-20 00:12:37.068000,1.12050,1.12048,4690000,1000000
2016-05-20 00:12:37.120000,1.12049,1.12046,1000000,3070000
2016-05-20 00:12:41.025000,1.12048,1.12046,1000000,1570000
2016-05-20 00:12:41.532000,1.12047,1.12046,1000000,1000000
2016-05-20 00:12:42.248000,1.12049,1.12047,4120000,1000000
2016-05-20 00:12:42.781000,1.12049,1.12048,1000000,1000000
2016-05-20 00:12:42.832000,1.12049,1.12046,1000000,1500000
2016-05-20 00:12:45.502000,1.12048,1.12046,1000000,2620000
2016-05-20 00:12:48.800000,1.12049,1.12046,1000000,1500000
2016-05-20 00:12:50.655000,1.12050,1.12046,4690000,1500000
2016-05-20 00:12:51.253000,1.12049,1.12046,1000000,1500000
2016-05-20 00:12:56.735000,1.12049,1.12047,1000000,1000000
2016-05-20 00:12:57.241000,1.12051,1.12047,8060000,1000000
2016-05-20 00:13:02.183000,1.12050,1.12047,5060000,1000000
2016-05-20 00:13:05.586000,1.12050,1.12047,5890000,1000000
2016-05-20 00:13:06.120000,1.12051,1.12048,10500000,1500000
2016-05-20 00:13:07.574000,1.12050,1.12047,4270000,1500000
2016-05-20 00:13:08.092000,1.12049,1.12046,1700000,1500000
2016-05-20 00:13:10.300000,1.12050,1.12046,4390000,1500000
2016-05-20 00:13:10.957000,1.12050,1.12046,2700000,3750000
2016-05-20 00:13:11.520000,1.12051,1.12047,5890000,1500000
2016-05-20 00:13:12.026000,1.12051,1.12048,8890000,1000000
2016-05-20 00:13:12.653000,1.12050,1.12048,1000000,1000000
2016-05-20 00:13:13.196000,1.12051,1.12048,8510000,1000000
2016-05-20 00:13:14.690000,1.12050,1.12048,1000000,1000000
2016-05-20 00:13:15.145000,1.12048,1.12046,1000000,5250000
2016-05-20 00:13:15.656000,1.12048,1.12045,1200000,2250000
2016-05-20 00:13:16.279000,1.12048,1.12044,4650000,3000000
2016-05-20 00:13:16.786000,1.12047,1.12044,1500000,3000000
2016-05-20 00:13:17.126000,1.12045,1.12041,1000000,2250000
2016-05-20 00:13:17.432000,1.12043,1.12041,1000000,1000000
2016-05-20 00:13:18.042000,1.12043,1.12040,1100000,3750000
2016-05-20 00:13:18.851000,1.12040,1.12039,1000000,3000000
2016-05-20 00:13:19.004000,1.12039,1.12037,1450000,4500000
2016-05-20 00:13:19.200000,1.12036,1.12034,1000000,3750000
2016-05-20 00:13:19.251000,1.12036,1.12033,1100000,1000000
2016-05-20 00:13:19.975000,1.12036,1.12032,1950000,1000000
2016-05-20 00:13:20.832000,1.12036,1.12031,1200000,4870000
2016-05-20 00:13:21.085000,1.12035,1.12031,1150000,1870000
2016-05-20 00:13:21.591000,1.12035,1.12030,9260000,5250000
2016-05-20 00:13:22.126000,1.12035,1.12031,9260000,1000000
2016-05-20 00:13:24.505000,1.12034,1.12032,1310000,1000000
2016-05-20 00:13:24.708000,1.12036,1.12033,2320000,7500000
2016-05-20 00:13:25.226000,1.12037,1.12034,2510000,1500000
2016-05-20 00:13:25.738000,1.12036,1.12034,1000000,1000000
2016-05-20 00:13:26.865000,1.12036,1.12033,2250000,3750000
2016-05-20 00:13:26.916000,1.12034,1.12033,1000000,3750000
2016-05-20 00:13:27.423000,1.12034,1.12032,2250000,3750000
2016-05-20 00:13:27.929000,1.12035,1.12032,1120000,3750000
2016-05-20 00:13:31.750000,1.12035,1.12031,2620000,5250000
2016-05-20 00:13:32.452000,1.12034,1.12031,1000000,4500000
2016-05-20 00:13:33.003000,1.12035,1.12031,7120000,4500000
2016-05-20 00:13:34.512000,1.12034,1.12031,1000000,4500000
2016-05-20 00:13:35.121000,1.12033,1.12031,1200000,3750000
2016-05-20 00:13:35.273000,1.12032,1.12029,2620000,4500000
2016-05-20 00:13:35.689000,1.12033,1.12031,2250000,3750000
2016-05-20 00:13:37.478000,1.12032,1.12031,1000000,3750000
2016-05-20 00:13:37.782000,1.12032,1.12029,1870000,1570000
2016-05-20 00:13:38.288000,1.12031,1.12028,1000000,6640000
2016-05-20 00:13:38.950000,1.12032,1.12028,4500000,6260000
2016-05-20 00:13:39.306000,1.12033,1.12030,8620000,1000000
2016-05-20 00:13:39.812000,1.12033,1.12030,8620000,1000000
2016-05-20 00:13:40.356000,1.12035,1.12032,6750000,4500000
2016-05-20 00:13:40.813000,1.12036,1.12033,11250000,3750000
2016-05-20 00:13:41.318000,1.12035,1.12033,1120000,3750000
2016-05-20 00:13:41.833000,1.12036,1.12033,6750000,3750000
2016-05-20 00:13:42.339000,1.12037,1.12034,3750000,3940000
2016-05-20 00:13:44.448000,1.12037,1.12034,7870000,3940000
2016-05-20 00:13:46.157000,1.12036,1.12033,4120000,2620000
2016-05-20 00:13:46.699000,1.12035,1.12032,1120000,2810000
2016-05-20 00:13:47.457000,1.12036,1.12032,4120000,3560000
2016-05-20 00:13:48.295000,1.12035,1.12032,1000000,2810000
2016-05-20 00:13:50.692000,1.12036,1.12033,4120000,2620000
2016-05-20 00:13:51.460000,1.12036,1.12033,3370000,2620000
2016-05-20 00:13:52.045000,1.12035,1.12033,1500000,2620000
2016-05-20 00:13:52.566000,1.12035,1.12032,2620000,2810000
2016-05-20 00:13:54.350000,1.12036,1.12032,7200000,2810000
2016-05-20 00:13:55.805000,1.12035,1.12032,1000000,4310000
2016-05-20 00:14:00.845000,1.12034,1.12031,1500000,1190000
2016-05-20 00:14:01.358000,1.12034,1.12031,2620000,1000000
2016-05-20 00:14:01.886000,1.12033,1.12031,1000000,1000000
2016-05-20 00:14:02.412000,1.12034,1.12031,4120000,1000000
2016-05-20 00:14:03.645000,1.12034,1.12030,3370000,3000000
2016-05-20 00:14:03.864000,1.12034,1.12032,2250000,1000000
2016-05-20 00:14:04.370000,1.12035,1.12032,1950000,3370000
2016-05-20 00:14:05.291000,1.12036,1.12033,3000000,1000000
2016-05-20 00:14:05.798000,1.12036,1.12033,2250000,2250000
2016-05-20 00:14:08.403000,1.12035,1.12032,1120000,3370000
2016-05-20 00:14:10.632000,1.12036,1.12033,6940000,1000000
2016-05-20 00:14:10.937000,1.12037,1.12035,1120000,1000000
2016-05-20 00:14:11.438000,1.12038,1.12034,12260000,5620000
2016-05-20 00:14:12.268000,1.12038,1.12036,10010000,3370000
2016-05-20 00:14:13.371000,1.12038,1.12037,1000000,1000000
2016-05-20 00:14:13.877000,1.12038,1.12036,1000000,3370000
2016-05-20 00:14:16.081000,1.12038,1.12035,1000000,4120000
2016-05-20 00:14:16.386000,1.12038,1.12037,1000000,3750000
2016-05-20 00:14:16.892000,1.12038,1.12036,1120000,3750000
2016-05-20 00:14:25.993000,1.12038,1.12035,2620000,4500000
2016-05-20 00:14:26.976000,1.12036,1.12034,1190000,1100000
2016-05-20 00:14:27.078000,1.12036,1.12033,7760000,1000000
2016-05-20 00:14:27.230000,1.12035,1.12031,2060000,7760000
2016-05-20 00:14:28.997000,1.12035,1.12032,1120000,3750000
2016-05-20 00:14:30.238000,1.12036,1.12032,4010000,5250000
2016-05-20 00:14:32.125000,1.12035,1.12032,1000000,5250000
2016-05-20 00:14:32.641000,1.12034,1.12032,1000000,3750000
2016-05-20 00:14:34.856000,1.12036,1.12033,6260000,1000000
2016-05-20 00:14:35.381000,1.12037,1.12033,2250000,6370000
2016-05-20 00:14:35.988000,1.12037,1.12034,1500000,1000000
2016-05-20 00:14:36.503000,1.12037,1.12033,1870000,5250000
2016-05-20 00:14:37.113000,1.12037,1.12035,1000000,1000000
2016-05-20 00:14:37.419000,1.12038,1.12037,1000000,3750000
2016-05-20 00:14:41.839000,1.12038,1.12036,1200000,3750000
2016-05-20 00:14:46.135000,1.12038,1.12035,3070000,3750000
2016-05-20 00:14:49.312000,1.12039,1.12036,3370000,3750000
2016-05-20 00:14:51.008000,1.12040,1.12037,3640000,1000000
2016-05-20 00:14:52.542000,1.12040,1.12036,1390000,2250000
2016-05-20 00:14:54.333000,1.12040,1.12037,1390000,1000000
2016-05-20 00:14:54.881000,1.12040,1.12036,1390000,6750000
2016-05-20 00:14:59.943000,1.12038,1.12036,1000000,3750000
2016-05-20 00:15:00.464000,1.12039,1.12036,1390000,3750000
2016-05-20 00:15:01.273000,1.12040,1.12037,6190000,1000000
2016-05-20 00:15:01.790000,1.12040,1.12036,3940000,4500000
2016-05-20 00:15:05.349000,1.12039,1.12036,1190000,5250000
2016-05-20 00:15:17.933000,1.12039,1.12037,1190000,3750000
2016-05-20 00:15:18.234000,1.12040,1.12037,1760000,4690000
2016-05-20 00:15:18.418000,1.12041,1.12039,1250000,1000000
2016-05-20 00:15:18.936000,1.12042,1.12039,1000000,4500000
2016-05-20 00:15:20.946000,1.12042,1.12040,1000000,3750000
2016-05-20 00:15:23.653000,1.12042,1.12040,2060000,3750000
2016-05-20 00:15:26.324000,1.12040,1.12039,1000000,3750000
2016-05-20 00:15:26.375000,1.12040,1.12038,1000000,3750000
2016-05-20 00:15:27.617000,1.12039,1.12037,2250000,4200000
2016-05-20 00:15:27.836000,1.12036,1.12034,1000000,1000000
2016-05-20 00:15:28.040000,1.12035,1.12033,2440000,3750000
2016-05-20 00:15:28.747000,1.12035,1.12031,3190000,3750000
2016-05-20 00:15:29.273000,1.12035,1.12032,1690000,1000000
2016-05-20 00:15:29.917000,1.12035,1.12031,1690000,5250000
2016-05-20 00:15:32.085000,1.12035,1.12032,1690000,3750000
2016-05-20 00:15:36.189000,1.12034,1.12031,3190000,3750000
2016-05-20 00:15:36.623000,1.12032,1.12031,1000000,3750000
2016-05-20 00:15:36.877000,1.12031,1.12029,2250000,3750000
2016-05-20 00:15:37.384000,1.12030,1.12028,3750000,3750000
2016-05-20 00:15:38.095000,1.12030,1.12029,3000000,3750000
2016-05-20 00:15:38.664000,1.12032,1.12030,1250000,3750000
2016-05-20 00:15:39.344000,1.12033,1.12030,4500000,3750000
2016-05-20 00:15:39.445000,1.12031,1.12030,1000000,3750000
2016-05-20 00:15:39.496000,1.12031,1.12028,1000000,4570000
2016-05-20 00:15:40.002000,1.12030,1.12028,1000000,3750000
2016-05-20 00:15:40.289000,1.12032,1.12028,6260000,3750000
2016-05-20 00:15:40.832000,1.12032,1.12029,4310000,3750000
2016-05-20 00:15:41.979000,1.12031,1.12029,1000000,3750000
2016-05-20 00:15:42.503000,1.12032,1.12029,3560000,3750000
2016-05-20 00:15:43.262000,1.12031,1.12029,1000000,3750000
2016-05-20 00:15:43.803000,1.12032,1.12029,2440000,3750000
2016-05-20 00:15:44.457000,1.12032,1.12030,2440000,3750000
2016-05-20 00:15:45.008000,1.12031,1.12030,1000000,3750000
2016-05-20 00:15:45.660000,1.12031,1.12028,2250000,3750000
2016-05-20 00:15:46.270000,1.12031,1.12029,2250000,1000000
2016-05-20 00:15:46.523000,1.12033,1.12030,5320000,4500000
2016-05-20 00:15:47.042000,1.12033,1.12031,1100000,3750000
2016-05-20 00:15:48.569000,1.12033,1.12030,2320000,3750000
2016-05-20 00:15:49.621000,1.12032,1.12030,1000000,3370000
2016-05-20 00:15:52.485000,1.12033,1.12030,1570000,3370000
2016-05-20 00:15:54.460000,1.12033,1.12031,1570000,3000000
2016-05-20 00:15:55.504000,1.12032,1.12030,1500000,3000000
2016-05-20 00:15:55.606000,1.12031,1.12028,1000000,5440000
2016-05-20 00:15:56.162000,1.12032,1.12028,1870000,4500000
2016-05-20 00:15:56.694000,1.12032,1.12030,1200000,3000000
2016-05-20 00:15:57.093000,1.12032,1.12028,2700000,3750000
2016-05-20 00:15:58.189000,1.12032,1.12030,1950000,3000000
2016-05-20 00:15:59.454000,1.12033,1.12030,1000000,7500000
2016-05-20 00:15:59.760000,1.12035,1.12032,4500000,2250000
2016-05-20 00:16:00.272000,1.12035,1.12031,5250000,6000000
2016-05-20 00:16:00.576000,1.12037,1.12035,2440000,3000000
2016-05-20 00:16:00.627000,1.12038,1.12035,3450000,3000000
2016-05-20 00:16:01.156000,1.12040,1.12036,10090000,3750000
2016-05-20 00:16:01.506000,1.12039,1.12038,1000000,1000000
2016-05-20 00:16:01.658000,1.12042,1.12037,6000000,6750000
2016-05-20 00:16:02.164000,1.12042,1.12038,4500000,1000000
2016-05-20 00:16:04.679000,1.12040,1.12037,1000000,3750000
2016-05-20 00:16:05.270000,1.12041,1.12037,3070000,3750000
2016-05-20 00:16:15.195000,1.12042,1.12038,4500000,1000000
2016-05-20 00:16:15.297000,1.12042,1.12040,3000000,6000000
2016-05-20 00:16:15.399000,1.12044,1.12042,1310000,6750000
2016-05-20 00:16:15.602000,1.12046,1.12043,2320000,1000000
2016-05-20 00:16:15.873000,1.12044,1.12042,1000000,3000000
2016-05-20 00:16:16.380000,1.12044,1.12040,1500000,4500000
2016-05-20 00:16:16.896000,1.12044,1.12040,3820000,6000000
2016-05-20 00:16:17.231000,1.12043,1.12042,3000000,2440000
2016-05-20 00:16:17.283000,1.12046,1.12043,5440000,1000000
2016-05-20 00:16:17.790000,1.12045,1.12042,1000000,3000000
2016-05-20 00:16:18.251000,1.12042,1.12040,1000000,8510000
2016-05-20 00:16:18.564000,1.12042,1.12038,3750000,3000000
2016-05-20 00:16:19.071000,1.12043,1.12039,12640000,2250000
2016-05-20 00:16:19.577000,1.12044,1.12040,6520000,3000000
2016-05-20 00:16:20.080000,1.12043,1.12039,13690000,2620000
2016-05-20 00:16:20.608000,1.12042,1.12039,1000000,2620000
2016-05-20 00:16:21.114000,1.12042,1.12040,1000000,1500000
2016-05-20 00:16:21.644000,1.12043,1.12039,1870000,2620000
2016-05-20 00:16:22.150000,1.12043,1.12040,1870000,4120000
2016-05-20 00:16:23.693000,1.12043,1.12040,2250000,3000000
2016-05-20 00:16:24.686000,1.12043,1.12040,1950000,6000000
2016-05-20 00:16:26,1.12043,1.12041,1570000,2250000
2016-05-20 00:16:26.428000,1.12045,1.12042,3940000,1000000
2016-05-20 00:16:27.037000,1.12046,1.12044,1500000,1500000
2016-05-20 00:16:27.240000,1.12049,1.12045,4760000,3750000
2016-05-20 00:16:27.764000,1.12050,1.12046,5250000,1500000
2016-05-20 00:16:28.270000,1.12051,1.12047,6260000,3000000
2016-05-20 00:16:28.811000,1.12051,1.12047,6070000,3000000
2016-05-20 00:16:29.317000,1.12051,1.12048,1000000,1000000
2016-05-20 00:16:30.347000,1.12051,1.12049,1000000,1000000
2016-05-20 00:16:30.641000,1.12054,1.12050,3900000,3750000
2016-05-20 00:16:31.198000,1.12052,1.12050,1870000,1570000
2016-05-20 00:16:31.249000,1.12052,1.12048,3370000,3070000
2016-05-20 00:16:32.046000,1.12052,1.12049,3370000,1500000
2016-05-20 00:16:32.756000,1.12053,1.12050,5320000,1500000
2016-05-20 00:16:32.960000,1.12054,1.12051,1120000,1500000
2016-05-20 00:16:33.461000,1.12055,1.12052,1500000,3000000
2016-05-20 00:16:36.017000,1.12056,1.12053,7010000,1000000
2016-05-20 00:16:36.563000,1.12056,1.12053,6260000,1000000
2016-05-20 00:16:39.286000,1.12056,1.12052,5510000,2250000
2016-05-20 00:16:39.791000,1.12056,1.12053,5510000,1000000
2016-05-20 00:16:40.044000,1.12055,1.12052,1150000,3750000
2016-05-20 00:16:40.146000,1.12054,1.12050,1650000,9940000
2016-05-20 00:16:40.197000,1.12054,1.12052,1570000,1500000
2016-05-20 00:16:40.501000,1.12055,1.12053,3370000,2250000
2016-05-20 00:16:41.105000,1.12057,1.12053,4760000,3000000
2016-05-20 00:16:42.612000,1.12057,1.12055,2700000,2690000
2016-05-20 00:16:42.866000,1.12059,1.12056,1120000,2250000
2016-05-20 00:16:43.372000,1.12060,1.12056,2320000,2250000
2016-05-20 00:16:44.093000,1.12059,1.12056,1000000,1500000
2016-05-20 00:16:44.246000,1.12057,1.12055,1000000,3000000
2016-05-20 00:16:44.449000,1.12056,1.12053,1000000,4500000
2016-05-20 00:16:45.283000,1.12055,1.12053,1000000,2250000
2016-05-20 00:16:45.834000,1.12056,1.12053,1120000,1500000
2016-05-20 00:16:49.394000,1.12056,1.12052,1500000,5620000
2016-05-20 00:16:50.105000,1.12057,1.12054,7120000,1000000
2016-05-20 00:16:50.409000,1.12059,1.12057,1000000,1000000
2016-05-20 00:16:50.919000,1.12058,1.12057,1000000,1500000
2016-05-20 00:16:51.137000,1.12048,1.12046,6000000,1000000
2016-05-20 00:16:51.188000,1.12047,1.12044,1000000,1120000
2016-05-20 00:16:51.694000,1.12047,1.12043,3000000,1690000
2016-05-20 00:16:52.202000,1.12047,1.12043,3750000,3190000
2016-05-20 00:16:53.157000,1.12047,1.12043,3750000,3190000
2016-05-20 00:16:56.918000,1.12047,1.12046,2250000,1000000
2016-05-20 00:16:56.969000,1.12048,1.12046,4760000,1500000
2016-05-20 00:16:57.122000,1.12050,1.12047,2810000,1500000
2016-05-20 00:16:57.679000,1.12049,1.12047,1150000,1000000
2016-05-20 00:16:58.235000,1.12048,1.12045,1000000,4760000
2016-05-20 00:16:58.741000,1.12049,1.12045,2250000,3260000
2016-05-20 00:16:59.474000,1.12049,1.12045,1870000,6070000
2016-05-20 00:17:00.065000,1.12049,1.12046,1120000,3000000
2016-05-20 00:17:00.773000,1.12050,1.12046,11250000,2250000
2016-05-20 00:17:02.383000,1.12050,1.12046,12000000,1000000
2016-05-20 00:17:03.645000,1.12049,1.12045,1120000,6450000
2016-05-20 00:17:06.135000,1.12050,1.12047,12370000,1000000
2016-05-20 00:17:06.684000,1.12050,1.12046,13120000,1000000
2016-05-20 00:17:08.629000,1.12049,1.12046,1420000,1000000
2016-05-20 00:17:09.163000,1.12047,1.12045,1000000,1000000
2016-05-20 00:17:10.252000,1.12045,1.12042,6450000,2250000
2016-05-20 00:17:10.304000,1.12043,1.12041,1420000,1500000
2016-05-20 00:17:10.457000,1.12042,1.12039,1120000,1000000
2016-05-20 00:17:10.964000,1.12041,1.12038,1500000,1000000
2016-05-20 00:17:11.521000,1.12040,1.12038,1000000,1000000
2016-05-20 00:17:13.663000,1.12040,1.12037,1000000,5250000
2016-05-20 00:17:15.339000,1.12039,1.12037,1000000,4500000
2016-05-20 00:17:15.442000,1.12038,1.12035,1500000,2250000
2016-05-20 00:17:15.949000,1.12038,1.12034,4570000,5360000
2016-05-20 00:17:16.265000,1.12040,1.12035,11320000,4870000
2016-05-20 00:17:16.818000,1.12040,1.12036,10200000,1000000
2016-05-20 00:17:16.920000,1.12038,1.12035,1000000,7870000
2016-05-20 00:17:17.022000,1.12040,1.12035,11700000,8620000
2016-05-20 00:17:18.627000,1.12040,1.12036,11700000,1000000
2016-05-20 00:17:18.931000,1.12041,1.12038,1870000,1000000
2016-05-20 00:17:21.840000,1.12042,1.12039,5700000,1000000
2016-05-20 00:17:21.994000,1.12044,1.12041,1000000,3000000
2016-05-20 00:17:22.096000,1.12046,1.12043,4870000,1500000
2016-05-20 00:17:22.198000,1.12047,1.12043,1120000,5250000
2016-05-20 00:17:22.724000,1.12047,1.12044,1000000,1000000
2016-05-20 00:17:24.443000,1.12046,1.12044,1190000,1000000
2016-05-20 00:17:24.545000,1.12047,1.12044,1000000,1000000
2016-05-20 00:17:25.202000,1.12046,1.12044,1000000,1000000
2016-05-20 00:17:25.253000,1.12045,1.12042,1000000,4500000
2016-05-20 00:17:25.790000,1.12044,1.12042,1000000,1000000
2016-05-20 00:17:26.298000,1.12044,1.12041,1000000,3750000
2016-05-20 00:17:27.494000,1.12044,1.12041,2810000,2250000
2016-05-20 00:17:28.165000,1.12045,1.12043,6260000,2250000
2016-05-20 00:17:28.671000,1.12044,1.12042,1500000,2250000
2016-05-20 00:17:29.182000,1.12044,1.12041,1500000,3750000
2016-05-20 00:17:29.688000,1.12043,1.12041,1000000,3750000
2016-05-20 00:17:30.371000,1.12043,1.12042,1000000,1000000
2016-05-20 00:17:30.523000,1.12046,1.12043,2620000,3750000
2016-05-20 00:17:30.794000,1.12044,1.12042,1000000,4310000
2016-05-20 00:17:30.998000,1.12043,1.12041,1000000,4870000
2016-05-20 00:17:32.774000,1.12042,1.12041,1000000,1500000
2016-05-20 00:17:33.282000,1.12042,1.12040,2250000,2250000
2016-05-20 00:17:34.641000,1.12041,1.12040,1250000,2250000
2016-05-20 00:17:34.743000,1.12040,1.12038,1000000,3370000
2016-05-20 00:17:34.795000,1.12038,1.12037,1000000,7390000
2016-05-20 00:17:35.302000,1.12039,1.12037,3000000,6940000
2016-05-20 00:17:36.299000,1.12038,1.12037,1000000,1000000
2016-05-20 00:17:38.494000,1.12038,1.12036,1000000,6750000
2016-05-20 00:17:38.698000,1.12040,1.12038,3750000,1000000
2016-05-20 00:17:38.952000,1.12043,1.12040,1250000,1870000
2016-05-20 00:17:39.104000,1.12041,1.12039,1000000,7010000
2016-05-20 00:17:39.383000,1.12039,1.12037,1000000,1870000
2016-05-20 00:17:40.194000,1.12040,1.12037,3940000,1000000
2016-05-20 00:17:40.706000,1.12039,1.12037,1500000,1000000
2016-05-20 00:17:41.267000,1.12039,1.12036,1500000,4690000
2016-05-20 00:17:42.026000,1.12038,1.12035,1000000,9190000
2016-05-20 00:17:42.533000,1.12038,1.12035,3560000,3000000
2016-05-20 00:17:46.088000,1.12037,1.12036,1000000,3000000
2016-05-20 00:17:46.695000,1.12038,1.12036,2620000,3000000
2016-05-20 00:17:50.294000,1.12037,1.12036,1000000,3750000
2016-05-20 00:17:54.307000,1.12037,1.12035,1000000,1000000
2016-05-20 00:17:54.843000,1.12037,1.12036,1000000,3750000
2016-05-20 00:17:56.717000,1.12037,1.12035,1000000,7120000
2016-05-20 00:17:57.225000,1.12037,1.12036,1000000,3750000
2016-05-20 00:18:02.676000,1.12037,1.12035,1000000,5250000
2016-05-20 00:18:03.075000,1.12038,1.12036,1500000,3750000
2016-05-20 00:18:03.795000,1.12036,1.12035,1000000,3750000
2016-05-20 00:18:04.301000,1.12037,1.12035,1500000,3750000
2016-05-20 00:18:05.938000,1.12037,1.12035,1500000,3750000
2016-05-20 00:18:08.214000,1.12036,1.12035,1000000,3750000
2016-05-20 00:18:08.762000,1.12035,1.12034,1000000,3750000
2016-05-20 00:18:09.267000,1.12035,1.12034,1000000,3750000
2016-05-20 00:18:09.774000,1.12037,1.12035,3560000,3750000
2016-05-20 00:18:10.044000,1.12030,1.12028,1000000,6000000
2016-05-20 00:18:18.790000,1.12029,1.12028,1250000,3750000
2016-05-20 00:18:26.438000,1.12027,1.12026,1870000,4870000
2016-05-20 00:18:26.540000,1.12026,1.12025,1690000,3820000
2016-05-20 00:18:26.641000,1.12024,1.12022,1500000,4870000
2016-05-20 00:18:26.743000,1.12023,1.12020,1250000,7870000
2016-05-20 00:18:27.252000,1.12024,1.12022,4050000,3000000
2016-05-20 00:18:27.769000,1.12024,1.12022,1250000,4500000
2016-05-20 00:18:34.102000,1.12023,1.12021,1190000,4570000
2016-05-20 00:18:35.358000,1.12023,1.12021,1190000,4570000
2016-05-20 00:18:40.453000,1.12023,1.12020,1190000,3000000
2016-05-20 00:18:40.989000,1.12023,1.12021,1190000,2250000
2016-05-20 00:18:44.343000,1.12023,1.12022,1250000,1500000
2016-05-20 00:18:46.513000,1.12023,1.12021,1190000,1500000
2016-05-20 00:18:48.958000,1.12025,1.12021,3940000,1500000
2016-05-20 00:18:49.996000,1.12025,1.12021,6190000,2620000
2016-05-20 00:18:50.048000,1.12025,1.12023,2440000,1000000
2016-05-20 00:18:50.149000,1.12025,1.12022,1250000,1120000
2016-05-20 00:18:50.774000,1.12024,1.12021,1000000,2440000
2016-05-20 00:18:51.282000,1.12025,1.12021,1250000,4310000
2016-05-20 00:18:52.026000,1.12023,1.12020,1000000,11810000
2016-05-20 00:18:52.381000,1.12022,1.12019,1000000,1120000
2016-05-20 00:18:52.886000,1.12021,1.12019,1000000,1500000
2016-05-20 00:18:53.291000,1.12022,1.12021,1500000,1000000
2016-05-20 00:18:53.342000,1.12024,1.12021,5510000,1500000
2016-05-20 00:18:53.797000,1.12025,1.12023,6190000,1000000
2016-05-20 00:18:54.052000,1.12024,1.12021,1000000,2620000
2016-05-20 00:18:58.079000,1.12024,1.12020,2250000,8250000
2016-05-20 00:18:58.585000,1.12023,1.12020,1120000,1000000
2016-05-20 00:18:59.040000,1.12023,1.12021,1500000,1690000
2016-05-20 00:18:59.381000,1.12025,1.12022,7690000,1000000
2016-05-20 00:18:59.887000,1.12024,1.12021,1500000,2810000
2016-05-20 00:19:02.578000,1.12023,1.12021,1000000,1500000
2016-05-20 00:19:03.086000,1.12023,1.12020,1000000,2250000
2016-05-20 00:19:03.592000,1.12024,1.12020,3000000,4120000
2016-05-20 00:19:04.103000,1.12023,1.12020,2440000,1870000
2016-05-20 00:19:04.611000,1.12023,1.12019,3560000,1120000
2016-05-20 00:19:05.171000,1.12023,1.12021,2440000,1000000
2016-05-20 00:19:05.721000,1.12024,1.12021,1000000,2810000
2016-05-20 00:19:09.960000,1.12024,1.12020,3940000,5440000
2016-05-20 00:19:10.635000,1.12024,1.12021,1690000,1000000
2016-05-20 00:19:14.601000,1.12024,1.12022,1690000,1000000
2016-05-20 00:19:15.410000,1.12024,1.12020,2060000,6560000
2016-05-20 00:19:16.488000,1.12024,1.12021,3190000,1120000
2016-05-20 00:19:21.115000,1.12022,1.12020,1000000,7690000
2016-05-20 00:19:21.216000,1.12022,1.12019,2250000,1570000
2016-05-20 00:19:21.723000,1.12021,1.12018,2250000,1120000
2016-05-20 00:19:22.228000,1.12022,1.12018,3370000,1000000
2016-05-20 00:19:22.331000,1.12022,1.12020,2440000,1000000
2016-05-20 00:19:27.970000,1.12022,1.12020,1310000,2250000
2016-05-20 00:19:28.482000,1.12021,1.12020,1250000,3000000
2016-05-20 00:19:29.317000,1.12022,1.12021,3190000,2250000
2016-05-20 00:19:29.722000,1.12023,1.12022,6820000,3000000
2016-05-20 00:19:29.774000,1.12024,1.12022,1690000,3000000
2016-05-20 00:19:30.277000,1.12025,1.12023,7690000,2250000
2016-05-20 00:19:31.774000,1.12025,1.12022,5440000,2620000
2016-05-20 00:19:33.027000,1.12025,1.12022,8510000,1000000
2016-05-20 00:19:33.712000,1.12025,1.12023,3190000,1000000
2016-05-20 00:19:34.278000,1.12025,1.12022,5440000,1000000
2016-05-20 00:19:34.794000,1.12024,1.12022,2250000,1000000
2016-05-20 00:19:39.891000,1.12023,1.12021,1000000,1870000
2016-05-20 00:19:40.432000,1.12024,1.12021,2250000,1000000
2016-05-20 00:19:41.096000,1.12024,1.12022,1500000,1000000
2016-05-20 00:19:41.606000,1.12025,1.12022,3750000,1500000
2016-05-20 00:19:46.670000,1.12024,1.12022,1000000,1500000
2016-05-20 00:19:52.286000,1.12024,1.12021,1000000,2620000
2016-05-20 00:19:53.027000,1.12025,1.12021,3750000,1500000
2016-05-20 00:19:53.533000,1.12024,1.12021,1500000,2250000
2016-05-20 00:19:56.686000,1.12025,1.12021,5250000,2620000
2016-05-20 00:19:57.191000,1.12024,1.12021,1500000,2620000
2016-05-20 00:19:57.955000,1.12025,1.12021,5250000,2250000
2016-05-20 00:19:58.460000,1.12024,1.12021,1500000,2250000
2016-05-20 00:19:59.089000,1.12025,1.12021,5250000,2620000
2016-05-20 00:19:59.605000,1.12024,1.12021,3000000,1000000
2016-05-20 00:20:00.480000,1.12024,1.12022,2250000,1000000
2016-05-20 00:20:02.278000,1.12025,1.12023,6000000,1000000
2016-05-20 00:20:02.881000,1.12026,1.12024,3000000,1000000
2016-05-20 00:20:03.412000,1.12026,1.12023,1500000,1250000
2016-05-20 00:20:03.928000,1.12025,1.12023,3750000,1250000
2016-05-20 00:20:04.462000,1.12026,1.12023,4120000,1250000
2016-05-20 00:20:04.968000,1.12025,1.12022,2250000,1690000
2016-05-20 00:20:05.596000,1.12026,1.12023,6750000,1250000
2016-05-20 00:20:06.001000,1.12024,1.12022,1000000,1190000
2016-05-20 00:20:06.052000,1.12024,1.12021,1000000,1570000
2016-05-20 00:20:06.305000,1.12022,1.12020,1000000,1200000
2016-05-20 00:20:07.071000,1.12023,1.12020,2250000,1000000
2016-05-20 00:20:07.580000,1.12024,1.12021,1500000,1000000
2016-05-20 00:20:08.090000,1.12025,1.12021,6070000,1000000
2016-05-20 00:20:08.637000,1.12024,1.12021,3000000,1000000
2016-05-20 00:20:12.592000,1.12023,1.12021,1000000,1000000
2016-05-20 00:20:13.806000,1.12024,1.12021,2250000,1500000
2016-05-20 00:20:14.546000,1.12025,1.12022,6820000,1000000
2016-05-20 00:20:15.074000,1.12024,1.12021,2250000,3370000
2016-05-20 00:20:18.455000,1.12023,1.12021,1000000,1500000
2016-05-20 00:20:19.306000,1.12022,1.12021,1000000,1000000
2016-05-20 00:20:19.561000,1.12020,1.12018,1000000,1950000
2016-05-20 00:20:20.170000,1.12021,1.12018,2250000,3370000
2016-05-20 00:20:20.658000,1.12023,1.12019,4950000,3190000
2016-05-20 00:20:21.165000,1.12022,1.12019,1000000,3190000
2016-05-20 00:20:21.216000,1.12022,1.12019,2250000,2440000
2016-05-20 00:20:23.015000,1.12023,1.12019,4010000,3560000
2016-05-20 00:20:23.675000,1.12023,1.12019,2250000,4390000
2016-05-20 00:20:24.570000,1.12022,1.12019,1000000,3640000
2016-05-20 00:20:24.621000,1.12022,1.12019,2250000,2700000
2016-05-20 00:20:25.584000,1.12021,1.12019,1000000,1000000
2016-05-20 00:20:26.120000,1.12021,1.12018,1000000,1950000
2016-05-20 00:20:26.671000,1.12021,1.12019,1500000,1000000
2016-05-20 00:20:26.866000,1.12023,1.12019,4500000,4010000
2016-05-20 00:20:29.524000,1.12023,1.12021,3000000,2500000
2016-05-20 00:20:29.777000,1.12028,1.12024,13310000,2140000
2016-05-20 00:20:30.283000,1.12026,1.12023,2250000,2440000
2016-05-20 00:20:30.829000,1.12027,1.12023,1690000,3940000
2016-05-20 00:20:33.938000,1.12027,1.12025,2060000,1000000
2016-05-20 00:20:36.444000,1.12028,1.12024,1690000,5510000
2016-05-20 00:20:37.042000,1.12028,1.12025,1000000,1250000
2016-05-20 00:20:37.346000,1.12029,1.12027,4310000,1000000
2016-05-20 00:20:37.448000,1.12029,1.12025,2810000,9940000
2016-05-20 00:20:37.955000,1.12029,1.12026,4310000,1000000
2016-05-20 00:20:38.472000,1.12028,1.12024,3000000,1870000
2016-05-20 00:20:39.347000,1.12028,1.12024,4120000,1570000
2016-05-20 00:20:44.068000,1.12029,1.12026,3750000,1250000
2016-05-20 00:20:44.575000,1.12028,1.12024,1000000,6560000
2016-05-20 00:20:44.728000,1.12028,1.12024,1000000,3070000
2016-05-20 00:20:47.821000,1.12027,1.12024,1000000,5700000
2016-05-20 00:20:48.944000,1.12028,1.12025,3750000,1000000
2016-05-20 00:21:05.587000,1.12029,1.12025,3000000,4120000
2016-05-20 00:21:08.654000,1.12029,1.12026,2250000,1000000
2016-05-20 00:21:09.166000,1.12029,1.12027,1000000,2250000
2016-05-20 00:21:13.524000,1.12030,1.12027,5810000,2250000
2016-05-20 00:21:23.731000,1.12028,1.12027,1000000,2250000
2016-05-20 00:21:24.237000,1.12029,1.12025,2700000,3940000
2016-05-20 00:21:26.442000,1.12029,1.12027,1950000,1000000
2016-05-20 00:21:28.452000,1.12030,1.12027,2700000,2250000
2016-05-20 00:21:28.957000,1.12030,1.12027,2700000,2440000
2016-05-20 00:21:29.513000,1.12030,1.12027,2320000,2440000
2016-05-20 00:21:32.313000,1.12030,1.12028,1570000,1000000
2016-05-20 00:21:32.904000,1.12030,1.12027,1000000,2440000
2016-05-20 00:21:34.209000,1.12030,1.12028,1000000,1000000
2016-05-20 00:21:34.864000,1.12031,1.12028,2890000,1000000
2016-05-20 00:21:35.658000,1.12030,1.12028,1000000,2250000
2016-05-20 00:21:36.166000,1.12030,1.12029,1000000,1000000
2016-05-20 00:21:36.829000,1.12030,1.12028,1000000,3000000
2016-05-20 00:21:37.363000,1.12030,1.12027,1500000,2440000
2016-05-20 00:21:39.481000,1.12029,1.12027,1000000,2440000
2016-05-20 00:21:40.251000,1.12030,1.12027,1500000,2440000
2016-05-20 00:21:43.081000,1.12029,1.12027,1000000,2440000
2016-05-20 00:21:45.261000,1.12028,1.12026,3000000,1760000
2016-05-20 00:21:45.768000,1.12027,1.12026,1000000,1000000
2016-05-20 00:21:46.799000,1.12026,1.12023,1000000,1390000
2016-05-20 00:21:50.802000,1.12025,1.12023,1000000,1390000
2016-05-20 00:21:55.815000,1.12026,1.12022,3000000,4310000
2016-05-20 00:21:58.354000,1.12025,1.12022,1000000,5440000
2016-05-20 00:21:58.887000,1.12026,1.12022,1500000,5440000
2016-05-20 00:21:59.798000,1.12026,1.12025,1000000,2250000
2016-05-20 00:21:59.899000,1.12028,1.12025,6000000,4500000
2016-05-20 00:22:00.416000,1.12029,1.12026,5620000,1760000
2016-05-20 00:22:01.146000,1.12028,1.12026,1000000,1760000
2016-05-20 00:22:02.455000,1.12029,1.12025,2620000,7760000
2016-05-20 00:22:05.701000,1.12028,1.12025,1000000,11510000
2016-05-20 00:22:06.215000,1.12029,1.12025,3370000,10010000
2016-05-20 00:22:11.104000,1.12028,1.12026,1000000,2440000
2016-05-20 00:22:11.645000,1.12029,1.12026,1500000,2440000
2016-05-20 00:22:14.543000,1.12028,1.12026,1000000,2440000
2016-05-20 00:22:22.170000,1.12027,1.12025,1500000,4870000
2016-05-20 00:22:22.748000,1.12026,1.12025,2250000,1500000
2016-05-20 00:22:28.078000,1.12027,1.12025,1500000,5250000
2016-05-20 00:22:29.354000,1.12028,1.12026,2250000,1500000
2016-05-20 00:22:30.985000,1.12028,1.12025,2250000,7500000
2016-05-20 00:22:31.527000,1.12028,1.12026,2250000,1500000
2016-05-20 00:22:32.666000,1.12028,1.12025,2250000,5250000
2016-05-20 00:22:33.182000,1.12028,1.12026,2250000,1500000
2016-05-20 00:22:34.032000,1.12027,1.12026,1000000,1500000
2016-05-20 00:22:34.587000,1.12027,1.12025,2250000,3000000
2016-05-20 00:22:35.810000,1.12026,1.12025,1000000,1000000
2016-05-20 00:22:54.548000,1.12026,1.12023,1500000,2320000
2016-05-20 00:22:58.291000,1.12027,1.12023,3750000,1950000
2016-05-20 00:22:58.798000,1.12027,1.12024,3000000,1000000
2016-05-20 00:23:03.211000,1.12026,1.12024,1500000,1000000
2016-05-20 00:23:04.448000,1.12026,1.12023,4500000,1200000
2016-05-20 00:23:07.808000,1.12025,1.12022,1500000,6190000
2016-05-20 00:23:09.203000,1.12024,1.12022,1000000,1690000
2016-05-20 00:23:14.214000,1.12025,1.12022,1000000,1690000
2016-05-20 00:23:17.971000,1.12024,1.12022,1000000,1500000
2016-05-20 00:23:18.477000,1.12024,1.12021,1000000,5440000
2016-05-20 00:23:19.236000,1.12023,1.12021,1000000,4500000
2016-05-20 00:23:19.541000,1.12022,1.12020,2250000,1100000
2016-05-20 00:23:20.048000,1.12023,1.12020,1000000,3450000
2016-05-20 00:23:20.978000,1.12023,1.12021,1000000,1000000
2016-05-20 00:23:21.484000,1.12024,1.12021,3000000,1000000
2016-05-20 00:23:23.694000,1.12023,1.12021,1000000,1000000
2016-05-20 00:23:26.097000,1.12024,1.12021,2250000,1870000
2016-05-20 00:23:27.324000,1.12023,1.12021,1000000,1120000
2016-05-20 00:23:30.454000,1.12023,1.12019,3000000,4390000
2016-05-20 00:23:33.989000,1.12022,1.12019,2250000,1100000
2016-05-20 00:23:35.410000,1.12022,1.12020,1000000,1000000
2016-05-20 00:23:36.219000,1.12022,1.12021,1000000,1000000
2016-05-20 00:23:36.901000,1.12023,1.12021,1000000,1000000
2016-05-20 00:23:37.710000,1.12024,1.12021,3190000,1000000
2016-05-20 00:23:38.216000,1.12024,1.12021,1250000,3190000
2016-05-20 00:23:38.608000,1.12022,1.12021,1000000,1000000
2016-05-20 00:23:38.760000,1.12022,1.12019,5440000,1870000
2016-05-20 00:23:39.723000,1.12020,1.12019,1000000,1120000
2016-05-20 00:23:39.989000,1.12020,1.12018,2440000,1200000
2016-05-20 00:23:40.091000,1.12022,1.12018,4120000,2700000
2016-05-20 00:23:40.193000,1.12022,1.12020,3370000,1000000
2016-05-20 00:23:41.832000,1.12023,1.12020,4690000,1100000
2016-05-20 00:23:43.723000,1.12022,1.12020,1190000,1100000
2016-05-20 00:23:44.229000,1.12020,1.12018,1000000,1500000
2016-05-20 00:23:44.280000,1.12020,1.12018,1000000,1000000
2016-05-20 00:23:44.819000,1.12021,1.12018,4690000,1000000
2016-05-20 00:23:45.334000,1.12022,1.12018,3750000,3370000
2016-05-20 00:23:45.436000,1.12022,1.12021,2250000,2250000
2016-05-20 00:23:45.943000,1.12024,1.12021,1690000,1870000
2016-05-20 00:23:46.999000,1.12022,1.12020,1000000,1500000
2016-05-20 00:23:47.204000,1.12020,1.12017,1500000,3000000
2016-05-20 00:23:47.511000,1.12021,1.12019,5440000,1000000
2016-05-20 00:23:48.030000,1.12021,1.12018,3940000,1200000
2016-05-20 00:23:48.559000,1.12021,1.12018,2250000,1950000
2016-05-20 00:23:48.863000,1.12022,1.12021,3000000,1000000
2016-05-20 00:23:49.749000,1.12020,1.12019,1000000,1100000
2016-05-20 00:23:50.257000,1.12019,1.12016,1000000,4310000
2016-05-20 00:23:50.952000,1.12020,1.12017,3750000,3000000
2016-05-20 00:23:51.473000,1.12021,1.12017,1000000,12190000
2016-05-20 00:23:52.071000,1.12021,1.12017,1000000,12560000
2016-05-20 00:23:52.840000,1.12022,1.12018,5250000,1500000
2016-05-20 00:23:53.388000,1.12021,1.12017,2250000,10310000
2016-05-20 00:23:55.231000,1.12020,1.12017,1000000,5250000
2016-05-20 00:23:55.486000,1.12019,1.12016,3000000,1570000
2016-05-20 00:23:55.537000,1.12017,1.12016,1000000,1100000
2016-05-20 00:23:56.043000,1.12016,1.12015,4500000,1000000
2016-05-20 00:23:56.347000,1.12019,1.12018,3190000,1000000
2016-05-20 00:23:56.398000,1.12020,1.12018,5320000,1000000
2016-05-20 00:23:56.847000,1.12018,1.12016,1000000,7310000
2016-05-20 00:23:57.101000,1.12017,1.12015,3190000,1500000
2016-05-20 00:23:57.405000,1.12018,1.12016,3940000,2500000
2016-05-20 00:23:57.608000,1.12020,1.12017,3190000,2250000
2016-05-20 00:23:58.251000,1.12019,1.12016,1000000,3370000
2016-05-20 00:23:58.354000,1.12018,1.12016,2500000,1120000
2016-05-20 00:23:58.507000,1.12020,1.12018,7500000,1000000
2016-05-20 00:23:59.813000,1.12021,1.12018,1690000,1000000
2016-05-20 00:24:00.341000,1.12021,1.12017,3940000,4950000
2016-05-20 00:24:00.393000,1.12019,1.12017,1000000,3070000
2016-05-20 00:24:00.699000,1.12017,1.12015,2440000,1200000
2016-05-20 00:24:01.003000,1.12020,1.12018,1000000,1000000
2016-05-20 00:24:01.523000,1.12019,1.12017,3000000,2250000
2016-05-20 00:24:01.624000,1.12019,1.12016,3190000,1950000
2016-05-20 00:24:01.726000,1.12017,1.12016,1500000,1100000
2016-05-20 00:24:02.494000,1.12019,1.12018,3940000,1000000
2016-05-20 00:24:02.546000,1.12020,1.12017,1500000,3190000
2016-05-20 00:24:03.367000,1.12021,1.12017,3000000,3560000
2016-05-20 00:24:06.831000,1.12020,1.12018,1500000,1010000
2016-05-20 00:24:07.086000,1.12018,1.12015,1000000,3000000
2016-05-20 00:24:07.591000,1.12018,1.12015,3750000,1000000
2016-05-20 00:24:08.004000,1.12018,1.12017,1500000,1500000
2016-05-20 00:24:08.156000,1.12021,1.12018,2250000,1250000
2016-05-20 00:24:12.466000,1.12022,1.12018,5440000,2060000
2016-05-20 00:24:13.459000,1.12020,1.12018,1500000,1310000
2016-05-20 00:24:13.712000,1.12019,1.12016,1000000,2620000
2016-05-20 00:24:14.612000,1.12019,1.12018,1500000,1500000
2016-05-20 00:24:14.714000,1.12021,1.12018,3750000,1690000
2016-05-20 00:24:15.232000,1.12021,1.12019,1500000,1000000
2016-05-20 00:24:20.079000,1.12020,1.12019,2250000,1000000
2016-05-20 00:24:20.257000,1.12019,1.12016,1500000,2700000
2016-05-20 00:24:21.027000,1.12019,1.12017,1500000,1000000
2016-05-20 00:24:21.128000,1.12020,1.12018,3000000,1690000
2016-05-20 00:24:21.634000,1.12021,1.12019,1500000,1250000
2016-05-20 00:24:25.339000,1.12022,1.12019,4570000,1250000
2016-05-20 00:24:26.153000,1.12021,1.12019,1000000,1250000
2016-05-20 00:24:26.255000,1.12020,1.12017,1500000,3450000
2016-05-20 00:24:27.172000,1.12020,1.12018,1500000,1190000
2016-05-20 00:24:27.223000,1.12022,1.12019,3750000,1250000
2016-05-20 00:24:30.251000,1.12022,1.12020,2250000,1000000
2016-05-20 00:24:30.707000,1.12024,1.12021,3000000,4870000
2016-05-20 00:24:31.211000,1.12025,1.12021,3940000,3370000
2016-05-20 00:24:31.717000,1.12023,1.12020,1000000,1870000
2016-05-20 00:24:32.225000,1.12023,1.12020,4690000,1100000
2016-05-20 00:24:33.060000,1.12023,1.12021,1500000,1000000
2016-05-20 00:24:33.578000,1.12022,1.12021,1000000,1000000
2016-05-20 00:24:34.219000,1.12023,1.12021,1000000,1000000
2016-05-20 00:24:35.622000,1.12025,1.12021,6190000,1570000
2016-05-20 00:24:36.129000,1.12024,1.12021,2250000,1120000
2016-05-20 00:24:36.630000,1.12024,1.12021,3000000,1100000
2016-05-20 00:24:37.331000,1.12023,1.12021,1000000,1570000
2016-05-20 00:24:37.432000,1.12025,1.12022,3940000,1000000
2016-05-20 00:24:37.938000,1.12027,1.12024,4120000,1000000
2016-05-20 00:24:41.130000,1.12026,1.12023,1500000,1000000
2016-05-20 00:24:41.635000,1.12026,1.12022,2250000,1500000
2016-05-20 00:24:42.287000,1.12025,1.12022,1000000,1500000
2016-05-20 00:24:48.270000,1.12025,1.12021,3750000,1570000
2016-05-20 00:24:48.991000,1.12025,1.12023,3000000,1000000
2016-05-20 00:24:49.446000,1.12025,1.12021,4500000,3450000
2016-05-20 00:24:50.459000,1.12025,1.12022,1500000,1000000
2016-05-20 00:24:52.003000,1.12024,1.12022,1000000,1000000
2016-05-20 00:24:52.509000,1.12024,1.12021,2250000,1100000
2016-05-20 00:24:54.387000,1.12023,1.12021,1000000,1100000
2016-05-20 00:24:54.766000,1.12025,1.12022,3000000,1000000
2016-05-20 00:24:55.273000,1.12024,1.12021,1500000,1100000
2016-05-20 00:24:57.939000,1.12024,1.12022,1000000,1000000
2016-05-20 00:24:58.463000,1.12024,1.12021,3000000,1570000
2016-05-20 00:25:00.621000,1.12024,1.12022,2250000,1000000
2016-05-20 00:25:01.329000,1.12024,1.12021,2250000,1100000
2016-05-20 00:25:01.836000,1.12026,1.12022,3370000,3070000
2016-05-20 00:25:04.605000,1.12025,1.12022,1000000,1950000
2016-05-20 00:25:05.111000,1.12026,1.12022,3370000,1570000
2016-05-20 00:25:08.307000,1.12025,1.12022,2440000,1100000
2016-05-20 00:25:08.661000,1.12023,1.12020,1000000,2440000
2016-05-20 00:25:09.196000,1.12023,1.12020,2250000,1010000
2016-05-20 00:25:10.835000,1.12022,1.12019,1250000,7500000
2016-05-20 00:25:11.410000,1.12023,1.12020,3260000,1250000
2016-05-20 00:25:12.285000,1.12022,1.12020,1000000,1250000
2016-05-20 00:25:13.521000,1.12023,1.12020,3190000,1010000
2016-05-20 00:25:14.027000,1.12022,1.12020,1500000,1010000
2016-05-20 00:25:14.897000,1.12023,1.12019,2440000,2440000
2016-05-20 00:25:15.505000,1.12022,1.12019,1000000,3940000
2016-05-20 00:25:16.387000,1.12023,1.12019,2440000,5440000
2016-05-20 00:25:18.507000,1.12022,1.12019,1000000,3940000
2016-05-20 00:25:19.706000,1.12023,1.12020,2440000,1010000
2016-05-20 00:25:20.376000,1.12022,1.12020,1000000,1010000
2016-05-20 00:25:25.210000,1.12023,1.12020,5060000,1010000
2016-05-20 00:25:31.435000,1.12022,1.12020,1000000,1010000
2016-05-20 00:25:32.245000,1.12023,1.12020,4310000,1010000
2016-05-20 00:25:36.724000,1.12021,1.12019,1000000,4690000
2016-05-20 00:25:36.876000,1.12019,1.12017,1000000,1120000
2016-05-20 00:25:37.079000,1.12023,1.12019,5810000,2440000
2016-05-20 00:25:37.595000,1.12023,1.12020,1310000,1000000
2016-05-20 00:25:39.155000,1.12024,1.12022,3260000,1000000
2016-05-20 00:25:39.355000,1.12024,1.12020,2250000,5700000
2016-05-20 00:25:43.648000,1.12024,1.12021,2250000,1000000
2016-05-20 00:25:43.898000,1.12022,1.12021,1000000,1000000
2016-05-20 00:25:44.772000,1.12023,1.12021,2250000,1000000
2016-05-20 00:25:45.277000,1.12024,1.12020,4010000,2440000
2016-05-20 00:25:48.456000,1.12023,1.12020,1250000,1120000
2016-05-20 00:25:50.301000,1.12022,1.12019,1000000,5700000
2016-05-20 00:25:51.253000,1.12023,1.12019,4690000,4950000
2016-05-20 00:25:53.268000,1.12021,1.12019,1000000,6070000
2016-05-20 00:25:53.420000,1.12021,1.12018,1250000,1570000
2016-05-20 00:25:53.471000,1.12021,1.12019,1250000,1870000
2016-05-20 00:25:53.979000,1.12023,1.12019,2140000,4200000
2016-05-20 00:25:58.335000,1.12021,1.12019,1000000,3450000
2016-05-20 00:25:58.885000,1.12023,1.12020,1760000,1120000
2016-05-20 00:26:01.386000,1.12021,1.12020,1000000,1120000
2016-05-20 00:26:01.895000,1.12022,1.12019,1250000,2320000
2016-05-20 00:26:05.183000,1.12023,1.12019,3640000,4200000
2016-05-20 00:26:05.695000,1.12023,1.12020,1760000,1000000
2016-05-20 00:26:06.628000,1.12022,1.12019,1250000,6070000
2016-05-20 00:26:07.130000,1.12023,1.12019,4010000,4200000
2016-05-20 00:26:17.310000,1.12024,1.12020,3640000,1200000
2016-05-20 00:26:18.506000,1.12022,1.12020,1000000,1570000
2016-05-20 00:26:19.323000,1.12021,1.12019,1000000,3000000
2016-05-20 00:26:19.538000,1.12021,1.12020,1500000,1500000
2016-05-20 00:26:19.640000,1.12020,1.12017,1500000,2250000
2016-05-20 00:26:19.945000,1.12018,1.12016,1000000,3000000
2016-05-20 00:26:20.250000,1.12021,1.12019,1310000,1120000
2016-05-20 00:26:20.757000,1.12022,1.12019,1310000,1120000
2016-05-20 00:26:21.395000,1.12021,1.12018,1120000,2250000
2016-05-20 00:26:21.446000,1.12021,1.12018,1120000,1000000
2016-05-20 00:26:21.598000,1.12020,1.12016,3000000,3750000
2016-05-20 00:26:21.700000,1.12020,1.12018,1500000,1000000
2016-05-20 00:26:21.953000,1.12022,1.12018,7310000,1000000
2016-05-20 00:26:22.640000,1.12022,1.12019,4690000,1000000
2016-05-20 00:26:23.147000,1.12023,1.12020,1000000,3000000
2016-05-20 00:26:23.661000,1.12024,1.12020,3000000,2250000
2016-05-20 00:26:23.712000,1.12022,1.12020,1000000,3000000
2016-05-20 00:26:24.261000,1.12023,1.12020,1000000,3000000
2016-05-20 00:26:25.727000,1.12022,1.12020,1000000,2250000
2016-05-20 00:26:26.135000,1.12011,1.12009,6370000,1000000
2016-05-20 00:26:26.186000,1.12006,1.12004,1870000,2250000
2016-05-20 00:26:26.238000,1.12004,1.12003,1000000,1000000
2016-05-20 00:26:26.289000,1.12004,1.12002,1500000,1570000
2016-05-20 00:26:26.696000,1.12005,1.12004,1000000,1000000
2016-05-20 00:26:26.951000,1.12009,1.12005,2440000,1250000
2016-05-20 00:26:27.730000,1.12010,1.12006,4310000,1870000
2016-05-20 00:26:28.085000,1.12011,1.12010,1120000,1250000
2016-05-20 00:26:28.613000,1.12012,1.12010,1000000,1010000
2016-05-20 00:26:29.119000,1.12014,1.12010,3260000,1010000
2016-05-20 00:26:30.677000,1.12012,1.12009,1000000,1310000
2016-05-20 00:26:30.932000,1.12011,1.12008,1500000,1100000
2016-05-20 00:26:31.471000,1.12010,1.12007,1000000,1100000
2016-05-20 00:26:32.026000,1.12011,1.12007,2250000,1570000
2016-05-20 00:26:32.128000,1.12012,1.12007,1310000,3750000
2016-05-20 00:26:32.433000,1.12015,1.12011,3560000,3370000
2016-05-20 00:26:35.776000,1.12015,1.12010,7010000,1570000
2016-05-20 00:26:36.282000,1.12014,1.12010,3000000,2320000
2016-05-20 00:26:36.786000,1.12013,1.12010,1000000,1100000
2016-05-20 00:26:37.292000,1.12013,1.12011,1500000,1000000
2016-05-20 00:26:42.004000,1.12011,1.12009,1000000,4310000
2016-05-20 00:26:42.055000,1.12011,1.12009,1000000,2320000
2016-05-20 00:26:42.564000,1.12011,1.12007,3000000,3370000
2016-05-20 00:26:43.019000,1.12011,1.12008,3000000,1390000
2016-05-20 00:26:43.537000,1.12012,1.12009,1000000,1760000
2016-05-20 00:26:44.715000,1.12013,1.12009,2140000,1760000
2016-05-20 00:26:48.749000,1.12013,1.12008,2320000,7310000
2016-05-20 00:26:49.255000,1.12012,1.12008,2250000,2320000
2016-05-20 00:26:50.066000,1.12012,1.12009,1500000,1500000
2016-05-20 00:26:50.573000,1.12012,1.12009,1000000,1870000
2016-05-20 00:26:53.615000,1.12013,1.12009,3450000,4120000
2016-05-20 00:26:54.389000,1.12012,1.12009,1000000,1870000
2016-05-20 00:26:54.821000,1.12011,1.12008,1000000,3000000
2016-05-20 00:26:55.336000,1.12010,1.12008,1000000,1000000
2016-05-20 00:26:55.741000,1.12012,1.12008,2620000,3940000
2016-05-20 00:26:56.693000,1.12013,1.12008,4010000,5140000
2016-05-20 00:26:58.087000,1.12013,1.12010,2890000,1500000
2016-05-20 00:26:58.650000,1.12014,1.12011,1190000,2250000
2016-05-20 00:26:59.347000,1.12015,1.12012,5810000,1000000
2016-05-20 00:26:59.855000,1.12014,1.12010,1190000,6370000
2016-05-20 00:27:01.411000,1.12013,1.12010,1390000,4950000
2016-05-20 00:27:07.921000,1.12012,1.12010,1000000,1100000
2016-05-20 00:27:08.439000,1.12012,1.12009,1000000,1000000
2016-05-20 00:27:09.046000,1.12014,1.12009,5140000,9190000
2016-05-20 00:27:09.551000,1.12014,1.12009,5140000,10310000
2016-05-20 00:27:11.100000,1.12012,1.12010,1000000,1570000
2016-05-20 00:27:11.457000,1.12011,1.12008,3000000,1000000
2016-05-20 00:27:12.002000,1.12010,1.12007,3750000,2700000
2016-05-20 00:27:12.104000,1.12010,1.12008,1500000,2810000
2016-05-20 00:27:12.155000,1.12012,1.12008,1000000,2060000
2016-05-20 00:27:12.694000,1.12011,1.12008,1000000,3640000
2016-05-20 00:27:13.206000,1.12012,1.12008,3190000,2700000
2016-05-20 00:27:13.409000,1.12010,1.12007,1000000,1950000
2016-05-20 00:27:14.369000,1.12010,1.12008,3000000,1000000
2016-05-20 00:27:14.629000,1.12012,1.12009,1000000,5510000
2016-05-20 00:27:15.742000,1.12013,1.12009,2890000,5890000
2016-05-20 00:27:20.281000,1.12012,1.12009,1870000,1010000
2016-05-20 00:27:20.383000,1.12011,1.12009,2620000,1000000
2016-05-20 00:27:20.535000,1.12010,1.12007,1120000,1000000
2016-05-20 00:27:21.434000,1.12010,1.12008,3820000,1190000
2016-05-20 00:27:21.636000,1.12012,1.12008,1570000,3190000
2016-05-20 00:27:25.542000,1.12012,1.12008,1950000,2620000
2016-05-20 00:27:26.145000,1.12011,1.12008,1000000,2620000
2016-05-20 00:27:26.398000,1.12012,1.12008,1100000,4310000
2016-05-20 00:27:27.795000,1.12013,1.12009,2960000,2440000
2016-05-20 00:27:30.544000,1.12013,1.12009,3340000,4310000
2016-05-20 00:27:30.747000,1.12012,1.12008,2620000,3370000
2016-05-20 00:27:31.305000,1.12011,1.12008,1000000,3370000
2016-05-20 00:27:31.889000,1.12011,1.12008,1000000,3560000
2016-05-20 00:27:31.947000,1.12013,1.12008,3150000,5440000
2016-05-20 00:27:32.476000,1.12012,1.12008,1000000,4760000
2016-05-20 00:27:33.765000,1.12011,1.12008,1500000,2440000
2016-05-20 00:27:34.716000,1.12012,1.12008,3450000,1310000
2016-05-20 00:27:35.769000,1.12012,1.12007,3820000,11510000
2016-05-20 00:27:35.885000,1.12012,1.12007,3820000,10570000
2016-05-20 00:27:36.392000,1.12011,1.12006,2620000,4500000
2016-05-20 00:27:36.443000,1.12011,1.12008,1870000,1000000
2016-05-20 00:27:36.949000,1.12011,1.12007,2620000,1120000
2016-05-20 00:27:37.474000,1.12010,1.12007,1000000,1120000
2016-05-20 00:27:37.747000,1.12012,1.12008,1100000,2620000
2016-05-20 00:27:42.235000,1.12011,1.12008,1000000,3000000
2016-05-20 00:27:42.771000,1.12011,1.12007,4120000,1000000
2016-05-20 00:27:43.433000,1.12011,1.12008,3370000,1000000
2016-05-20 00:27:43.534000,1.12012,1.12008,1390000,1500000
2016-05-20 00:27:44.040000,1.12012,1.12008,1200000,3940000
2016-05-20 00:27:49.172000,1.12012,1.12008,3450000,2250000
2016-05-20 00:27:49.387000,1.12010,1.12007,1000000,1000000
2016-05-20 00:27:49.900000,1.12010,1.12006,3750000,3000000
2016-05-20 00:27:50.381000,1.12010,1.12008,1500000,1190000
2016-05-20 00:27:50.585000,1.12012,1.12008,2700000,3190000
2016-05-20 00:27:55.868000,1.12011,1.12009,1000000,1500000
2016-05-20 00:27:56.376000,1.12010,1.12008,1000000,1000000
2016-05-20 00:27:56.730000,1.12010,1.12006,5250000,7200000
2016-05-20 00:27:57.136000,1.12010,1.12008,3750000,1000000
2016-05-20 00:27:57.289000,1.12012,1.12008,1950000,1690000
2016-05-20 00:28:02.483000,1.12011,1.12008,1000000,3940000
2016-05-20 00:28:02.686000,1.12009,1.12008,1500000,1000000
2016-05-20 00:28:02.737000,1.12009,1.12006,1500000,2320000
2016-05-20 00:28:03.658000,1.12009,1.12007,1000000,1000000
2016-05-20 00:28:03.710000,1.12011,1.12008,1100000,1690000
2016-05-20 00:28:04.232000,1.12012,1.12008,1000000,5810000
2016-05-20 00:28:06.910000,1.12011,1.12008,1000000,2440000
2016-05-20 00:28:07.416000,1.12012,1.12008,1120000,3190000
2016-05-20 00:28:07.923000,1.12011,1.12008,1000000,2440000
2016-05-20 00:28:08.429000,1.12010,1.12006,1690000,6640000
2016-05-20 00:28:09.171000,1.12010,1.12007,1000000,2440000
2016-05-20 00:28:09.223000,1.12012,1.12008,4120000,1690000
2016-05-20 00:28:09.731000,1.12012,1.12008,1120000,5440000
2016-05-20 00:28:13.356000,1.12011,1.12008,1000000,3940000
2016-05-20 00:28:13.407000,1.12010,1.12008,1500000,1000000
2016-05-20 00:28:13.510000,1.12010,1.12006,3000000,6070000
2016-05-20 00:28:14.039000,1.12009,1.12006,1000000,3070000
2016-05-20 00:28:14.273000,1.12010,1.12008,3750000,1000000
2016-05-20 00:28:14.527000,1.12012,1.12008,1200000,4500000
2016-05-20 00:28:18.581000,1.12012,1.12009,1200000,1000000
2016-05-20 00:28:18.834000,1.12013,1.12011,1120000,1500000
2016-05-20 00:28:18.987000,1.12014,1.12011,1000000,3260000
2016-05-20 00:28:19.493000,1.12013,1.12010,1000000,2440000
2016-05-20 00:28:20.035000,1.12013,1.12010,3190000,1000000
2016-05-20 00:28:21.002000,1.12012,1.12011,1690000,1000000
2016-05-20 00:28:21.154000,1.12014,1.12011,4310000,1000000
2016-05-20 00:28:21.688000,1.12014,1.12010,1310000,7690000
2016-05-20 00:28:23.084000,1.12013,1.12010,1000000,5440000
2016-05-20 00:28:23.590000,1.12014,1.12010,3560000,3940000
2016-05-20 00:28:26.647000,1.12013,1.12010,1000000,3190000
2016-05-20 00:28:27.148000,1.12013,1.12010,2810000,1500000
2016-05-20 00:28:27.802000,1.12013,1.12011,1500000,1250000
2016-05-20 00:28:28.333000,1.12014,1.12011,1760000,1250000
2016-05-20 00:28:32.581000,1.12012,1.12011,1000000,1250000
2016-05-20 00:28:33.082000,1.12012,1.12010,1000000,3000000
2016-05-20 00:28:33.642000,1.12013,1.12010,3190000,1500000
2016-05-20 00:28:34.268000,1.12014,1.12010,2510000,1690000
2016-05-20 00:28:37.929000,1.12014,1.12012,2140000,1000000
2016-05-20 00:28:38.133000,1.12013,1.12010,1250000,3000000
2016-05-20 00:28:39.350000,1.12013,1.12010,2250000,3940000
2016-05-20 00:28:39.858000,1.12014,1.12010,1310000,2440000
2016-05-20 00:28:44.648000,1.12013,1.12010,1000000,2440000
2016-05-20 00:28:45.199000,1.12013,1.12010,2810000,1500000
2016-05-20 00:28:45.751000,1.12014,1.12011,2620000,1000000
2016-05-20 00:28:46.267000,1.12014,1.12010,2620000,3750000
2016-05-20 00:28:51.511000,1.12013,1.12010,1000000,11700000
2016-05-20 00:28:52.584000,1.12014,1.12010,2620000,7500000
2016-05-20 00:28:55.320000,1.12013,1.12010,1000000,2320000
2016-05-20 00:28:56.144000,1.12014,1.12010,2700000,1570000
2016-05-20 00:28:56.693000,1.12015,1.12011,10690000,1000000
2016-05-20 00:28:57.445000,1.12013,1.12011,1000000,1000000
2016-05-20 00:28:57.774000,1.12012,1.12010,1000000,6820000
2016-05-20 00:28:57.927000,1.12010,1.12007,1000000,4310000
2016-05-20 00:28:58.464000,1.12010,1.12007,1000000,2810000
2016-05-20 00:28:58.589000,1.12011,1.12009,3940000,1000000
2016-05-20 00:28:58.894000,1.12013,1.12010,1100000,9940000
2016-05-20 00:28:58.946000,1.12013,1.12010,1500000,6260000
2016-05-20 00:28:59.605000,1.12014,1.12010,5140000,3940000
2016-05-20 00:28:59.808000,1.12014,1.12010,1200000,11060000
2016-05-20 00:29:00.376000,1.12015,1.12010,4950000,13010000
2016-05-20 00:29:02.707000,1.12014,1.12010,1000000,17889999
2016-05-20 00:29:04.457000,1.12013,1.12011,1500000,1190000
2016-05-20 00:29:04.962000,1.12014,1.12011,1250000,1000000
2016-05-20 00:29:05.509000,1.12013,1.12010,1000000,2440000
2016-05-20 00:29:06.057000,1.12014,1.12010,5060000,2440000
2016-05-20 00:29:07.975000,1.12014,1.12011,1250000,1000000
2016-05-20 00:29:09.284000,1.12013,1.12010,1000000,4760000
2016-05-20 00:29:09.818000,1.12014,1.12010,3640000,1760000
2016-05-20 00:29:10.821000,1.12013,1.12010,1000000,6260000
2016-05-20 00:29:11.349000,1.12012,1.12010,1000000,1000000
2016-05-20 00:29:11.923000,1.12013,1.12010,3190000,1000000
2016-05-20 00:29:12.430000,1.12014,1.12010,2140000,2510000
2016-05-20 00:29:16.074000,1.12014,1.12010,3640000,1100000
2016-05-20 00:29:16.583000,1.12012,1.12009,2440000,1100000
2016-05-20 00:29:17.293000,1.12013,1.12010,2250000,1690000
2016-05-20 00:29:19.578000,1.12014,1.12010,3640000,1760000
2016-05-20 00:29:20.093000,1.12013,1.12010,1000000,1760000
2016-05-20 00:29:20.711000,1.12012,1.12010,1000000,1010000
2016-05-20 00:29:21.247000,1.12013,1.12010,1500000,1010000
2016-05-20 00:29:22.005000,1.12014,1.12010,4390000,1010000
2016-05-20 00:29:22.719000,1.12013,1.12010,1500000,1010000
2016-05-20 00:29:23.051000,1.12011,1.12009,2250000,1000000
2016-05-20 00:29:23.745000,1.12012,1.12009,2510000,1000000
2016-05-20 00:29:24.272000,1.12013,1.12010,2320000,1250000
2016-05-20 00:29:25.956000,1.12012,1.12010,1000000,1250000
2016-05-20 00:29:26.519000,1.12013,1.12010,2700000,1250000
2016-05-20 00:29:28.277000,1.12013,1.12009,3640000,1000000
2016-05-20 00:29:29.363000,1.12013,1.12010,2890000,1000000
2016-05-20 00:29:29.870000,1.12013,1.12010,2700000,1190000
2016-05-20 00:29:31.487000,1.12012,1.12010,1690000,1000000
2016-05-20 00:29:32.019000,1.12013,1.12010,1200000,1250000
2016-05-20 00:29:33.887000,1.12012,1.12009,1250000,2700000
2016-05-20 00:29:35.075000,1.12012,1.12010,1690000,1000000
2016-05-20 00:29:35.576000,1.12013,1.12010,1100000,1250000
2016-05-20 00:29:40.791000,1.12012,1.12010,1500000,1250000
2016-05-20 00:29:41.332000,1.12012,1.12009,2440000,2250000
2016-05-20 00:29:41.942000,1.12013,1.12010,2700000,1250000
2016-05-20 00:29:43.101000,1.12014,1.12010,5890000,1250000
2016-05-20 00:29:43.606000,1.12014,1.12010,5140000,1250000
2016-05-20 00:29:45.265000,1.12014,1.12010,6640000,1250000
2016-05-20 00:29:45.922000,1.12013,1.12010,1000000,1250000
2016-05-20 00:29:46.311000,1.12011,1.12008,1250000,3260000
2016-05-20 00:29:47.258000,1.12012,1.12010,2440000,1000000
2016-05-20 00:29:47.360000,1.12013,1.12010,2700000,1250000
2016-05-20 00:29:47.874000,1.12014,1.12010,7390000,1250000
2016-05-20 00:29:51.287000,1.12013,1.12010,1000000,1250000
2016-05-20 00:29:51.388000,1.12011,1.12010,1000000,1000000
2016-05-20 00:29:51.490000,1.12011,1.12008,1250000,2890000
2016-05-20 00:29:52.484000,1.12011,1.12010,1500000,1000000
2016-05-20 00:29:52.587000,1.12013,1.12010,3450000,1190000
2016-05-20 00:29:57.710000,1.12012,1.12010,1000000,1190000
2016-05-20 00:29:57.761000,1.12012,1.12009,1500000,1570000
2016-05-20 00:29:58.687000,1.12013,1.12009,2320000,5320000
2016-05-20 00:29:58.789000,1.12013,1.12009,1100000,7010000
2016-05-20 00:30:00.864000,1.12014,1.12010,1010000,11510000
2016-05-20 00:30:01.727000,1.12013,1.12011,1000000,1250000
2016-05-20 00:30:04.018000,1.12012,1.12010,1000000,1290000
2016-05-20 00:30:04.524000,1.12012,1.12010,2250000,1000000
2016-05-20 00:30:05.203000,1.12013,1.12010,3940000,1000000
2016-05-20 00:30:05.732000,1.12013,1.12010,1000000,1190000
2016-05-20 00:30:09.775000,1.12012,1.12010,1000000,1100000
2016-05-20 00:30:10.302000,1.12011,1.12009,1000000,1010000
2016-05-20 00:30:10.757000,1.12013,1.12010,3150000,1190000
2016-05-20 00:30:15.630000,1.12013,1.12009,4160000,1120000
2016-05-20 00:30:16.179000,1.12011,1.12009,1000000,1000000
2016-05-20 00:30:16.734000,1.12012,1.12009,2440000,1500000
2016-05-20 00:30:17.240000,1.12013,1.12010,1200000,1250000
2016-05-20 00:30:18.889000,1.12014,1.12010,5810000,2510000
2016-05-20 00:30:19.873000,1.12014,1.12010,6640000,1690000
2016-05-20 00:30:20.535000,1.12012,1.12009,1000000,1760000
2016-05-20 00:30:21.097000,1.12012,1.12009,3560000,1000000
2016-05-20 00:30:21.704000,1.12011,1.12008,1500000,1760000
2016-05-20 00:30:21.806000,1.12009,1.12008,1000000,1760000
2016-05-20 00:30:22.211000,1.12009,1.12006,1000000,1570000
2016-05-20 00:30:22.761000,1.12009,1.12007,1000000,1000000
2016-05-20 00:30:22.813000,1.12010,1.12009,1690000,1000000
2016-05-20 00:30:22.965000,1.12012,1.12009,1870000,1250000
2016-05-20 00:30:28.215000,1.12011,1.12008,1000000,3940000
2016-05-20 00:30:28.744000,1.12011,1.12008,2440000,1250000
2016-05-20 00:30:29.149000,1.12011,1.12009,1500000,1690000
2016-05-20 00:30:29.654000,1.12013,1.12009,16200001,1690000
2016-05-20 00:30:30.161000,1.12013,1.12009,16200001,1690000
2016-05-20 00:30:33.544000,1.12012,1.12009,1000000,1190000
2016-05-20 00:30:33.646000,1.12011,1.12008,1000000,4390000
2016-05-20 00:30:34.541000,1.12012,1.12008,6560000,3260000
2016-05-20 00:30:34.642000,1.12012,1.12009,3370000,1690000
2016-05-20 00:30:35.148000,1.12013,1.12009,15450000,1690000
2016-05-20 00:30:40.250000,1.12011,1.12009,1500000,2250000
2016-05-20 00:30:40.554000,1.12008,1.12006,1000000,1000000
2016-05-20 00:30:41.060000,1.12007,1.12004,1000000,1310000
2016-05-20 00:30:41.212000,1.12006,1.12003,1690000,1950000
2016-05-20 00:30:41.815000,1.12006,1.12003,4500000,2440000
2016-05-20 00:30:42.127000,1.12008,1.12004,7720000,1690000
2016-05-20 00:30:42.637000,1.12008,1.12004,4950000,3190000
2016-05-20 00:30:47.754000,1.12007,1.12004,1010000,1250000
2016-05-20 00:30:48.059000,1.12005,1.12003,1000000,1500000
2016-05-20 00:30:48.628000,1.12006,1.12004,3070000,2440000
2016-05-20 00:30:48.730000,1.12007,1.12004,1100000,1690000
2016-05-20 00:30:49.241000,1.12008,1.12005,1570000,1250000
2016-05-20 00:30:52.894000,1.12008,1.12005,1270000,1250000
2016-05-20 00:30:53.680000,1.12007,1.12005,1000000,1000000
2016-05-20 00:30:54.241000,1.12007,1.12004,1000000,1000000
2016-05-20 00:30:54.974000,1.12008,1.12004,2770000,3190000
2016-05-20 00:30:55.480000,1.12009,1.12006,1010000,1000000
2016-05-20 00:30:55.981000,1.12009,1.12005,1760000,9940000
2016-05-20 00:30:56.618000,1.12009,1.12006,1010000,1000000
2016-05-20 00:30:57.125000,1.12009,1.12005,1010000,11440000
2016-05-20 00:30:59.992000,1.12008,1.12005,1000000,10690000
2016-05-20 00:31:00.500000,1.12007,1.12004,1000000,1250000
2016-05-20 00:31:00.906000,1.12005,1.12003,1000000,1000000
2016-05-20 00:31:01.421000,1.12007,1.12004,2060000,1250000
2016-05-20 00:31:01.675000,1.12008,1.12004,1270000,2440000
2016-05-20 00:31:02.788000,1.12009,1.12005,2140000,1690000
2016-05-20 00:31:04.739000,1.12008,1.12004,2250000,4390000
2016-05-20 00:31:06.442000,1.12009,1.12005,5140000,1250000
2016-05-20 00:31:06.695000,1.12007,1.12005,1000000,1250000
2016-05-20 00:31:07.209000,1.12007,1.12004,2440000,1250000
2016-05-20 00:31:07.745000,1.12008,1.12004,1300000,2440000
2016-05-20 00:31:12.306000,1.12007,1.12004,1000000,1310000
2016-05-20 00:31:12.623000,1.12005,1.12002,3940000,1000000
2016-05-20 00:31:13.230000,1.12005,1.12003,3190000,1000000
2016-05-20 00:31:13.433000,1.12007,1.12004,5320000,1690000
2016-05-20 00:31:13.939000,1.12007,1.12005,1200000,1000000
2016-05-20 00:31:17.167000,1.12006,1.12004,1000000,1250000
2016-05-20 00:31:17.319000,1.12006,1.12002,1250000,2440000
2016-05-20 00:31:17.824000,1.12005,1.12002,1000000,1690000
2016-05-20 00:31:18.335000,1.12004,1.12001,1250000,1690000
2016-05-20 00:31:18.640000,1.12006,1.12004,4200000,1000000
2016-05-20 00:31:18.944000,1.12008,1.12004,4200000,3190000
2016-05-20 00:31:19.197000,1.12008,1.12005,2590000,1000000
2016-05-20 00:31:19.299000,1.12008,1.12005,3150000,1250000
2016-05-20 00:31:22.301000,1.12007,1.12004,1000000,5440000
2016-05-20 00:31:22.881000,1.12006,1.12004,1000000,3940000
2016-05-20 00:31:23.387000,1.12007,1.12004,1000000,1690000
2016-05-20 00:31:23.819000,1.12006,1.12002,1500000,7120000
2016-05-20 00:31:24.325000,1.12005,1.12002,1500000,1120000
2016-05-20 00:31:24.722000,1.12007,1.12004,1870000,1250000
2016-05-20 00:31:29.697000,1.12006,1.12003,1000000,5510000
2016-05-20 00:31:29.942000,1.12006,1.12002,3370000,1500000
2016-05-20 00:31:30.449000,1.12005,1.12002,1000000,1000000
2016-05-20 00:31:30.913000,1.12006,1.12004,3000000,1000000
2016-05-20 00:31:31.419000,1.12007,1.12004,1100000,1500000
2016-05-20 00:31:33.059000,1.12007,1.12003,1100000,1120000
2016-05-20 00:31:33.583000,1.12006,1.12002,1000000,8060000
2016-05-20 00:31:33.886000,1.12008,1.12004,9370000,1190000
2016-05-20 00:31:34.139000,1.12006,1.12003,3000000,1310000
2016-05-20 00:31:34.648000,1.12005,1.12001,4500000,6560000
2016-05-20 00:31:35.103000,1.12008,1.12004,16120001,1690000
2016-05-20 00:31:35.823000,1.12006,1.12003,1000000,4120000
2016-05-20 00:31:36.329000,1.12005,1.12001,1500000,9640000
2016-05-20 00:31:36.844000,1.12006,1.12002,5250000,1310000
2016-05-20 00:31:36.996000,1.12006,1.12004,4500000,1690000
2016-05-20 00:31:37.521000,1.12008,1.12005,10870000,1250000
2016-05-20 00:31:41.377000,1.12006,1.12004,1000000,1190000
2016-05-20 00:31:41.478000,1.12006,1.12003,1000000,2060000
2016-05-20 00:31:41.630000,1.12004,1.12003,1000000,1310000
2016-05-20 00:31:42.061000,1.12003,1.12001,1500000,1870000
2016-05-20 00:31:42.679000,1.12004,1.12002,3190000,1000000
2016-05-20 00:31:42.731000,1.12005,1.12002,6750000,3940000
2016-05-20 00:31:42.833000,1.12007,1.12003,5440000,2440000
2016-05-20 00:31:43.187000,1.12006,1.12003,1500000,2060000
2016-05-20 00:31:43.708000,1.12007,1.12004,7570000,1250000
2016-05-20 00:31:44.215000,1.12006,1.12003,2250000,1310000
2016-05-20 00:31:44.369000,1.12005,1.12002,2250000,2810000
2016-05-20 00:31:44.824000,1.12005,1.12002,3000000,5060000
2016-05-20 00:31:45.136000,1.12005,1.12002,2250000,2810000
2016-05-20 00:31:45.642000,1.12004,1.12002,1500000,2060000
2016-05-20 00:31:45.693000,1.12005,1.12003,3000000,1690000
2016-05-20 00:31:45.795000,1.12007,1.12003,5700000,3190000
2016-05-20 00:31:48.248000,1.12006,1.12004,1000000,1190000
2016-05-20 00:31:48.350000,1.12005,1.12003,1000000,4200000
2016-05-20 00:31:48.937000,1.12005,1.12002,3750000,1310000
2016-05-20 00:31:49.468000,1.12007,1.12003,9070000,1120000
