time,ask,bid,ask_volume,bid_volume
2015-03-03 00:00:06.666000,1.11767,1.11765,1500000,1500000
2015-03-03 00:00:18.954000,1.11768,1.11766,1500000,1500000
2015-03-03 00:00:31.104000,1.11769,1.11767,1500000,1500000
2015-03-03 00:00:32.527000,1.11769,1.11768,1500000,1000000
2015-03-03 00:00:37.503000,1.11771,1.11769,1500000,2250000
2015-03-03 00:00:38.988000,1.11770,1.11769,1500000,1000000
2015-03-03 00:00:39.502000,1.11769,1.11767,1500000,2250000
2015-03-03 00:00:40.924000,1.11772,1.11771,1500000,1500000
2015-03-03 00:00:41.026000,1.11771,1.11769,1500000,1500000
2015-03-03 00:00:41.552000,1.11770,1.11768,1500000,1500000
2015-03-03 00:00:44.304000,1.11771,1.11769,3000000,1500000
2015-03-03 00:00:44.831000,1.11770,1.11768,1500000,1500000
2015-03-03 00:00:53.034000,1.11771,1.11769,3790000,1500000
2015-03-03 00:00:53.593000,1.11771,1.11769,3790000,1500000
2015-03-03 00:00:54.100000,1.11771,1.11769,3790000,1500000
2015-03-03 00:00:56.428000,1.11771,1.11769,3790000,1500000
2015-03-03 00:00:57.253000,1.11771,1.11769,3790000,1500000
2015-03-03 00:00:58.338000,1.11772,1.11769,4870000,1500000
2015-03-03 00:00:58.845000,1.11773,1.11770,8250000,1500000
2015-03-03 00:01:00.349000,1.11773,1.11771,2250000,1500000
2015-03-03 00:01:01.053000,1.11772,1.11770,1000000,1000000
2015-03-03 00:01:01.668000,1.11773,1.11770,3000000,1000000
2015-03-03 00:01:02.435000,1.11772,1.11770,1000000,1000000
2015-03-03 00:01:03.167000,1.11772,1.11770,1370000,1000000
2015-03-03 00:01:08.203000,1.11773,1.11771,4120000,1000000
2015-03-03 00:01:14.311000,1.11773,1.11771,3000000,1000000
2015-03-03 00:01:15.034000,1.11773,1.11772,3750000,1000000
2015-03-03 00:01:15.085000,1.11774,1.11772,1000000,2320000
2015-03-03 00:01:15.288000,1.11776,1.11775,2250000,2250000
2015-03-03 00:01:15.440000,1.11779,1.11776,3750000,1000000
2015-03-03 00:01:15.745000,1.11779,1.11777,3750000,1500000
2015-03-03 00:01:17.761000,1.11781,1.11779,1500000,1000000
2015-03-03 00:01:22.686000,1.11780,1.11778,2250000,1000000
2015-03-03 00:01:23.197000,1.11780,1.11778,6370000,1500000
2015-03-03 00:01:24.004000,1.11780,1.11778,5620000,1000000
2015-03-03 00:01:24.511000,1.11781,1.11779,1500000,1000000
2015-03-03 00:01:24.968000,1.11780,1.11778,1500000,1500000
2015-03-03 00:01:46.024000,1.11779,1.11776,1000000,1500000
2015-03-03 00:01:46.228000,1.11779,1.11777,1500000,3000000
2015-03-03 00:01:48.353000,1.11778,1.11777,2250000,1000000
2015-03-03 00:01:48.607000,1.11777,1.11775,2250000,2250000
2015-03-03 00:01:48.708000,1.11775,1.11774,1000000,1000000
2015-03-03 00:01:51.162000,1.11775,1.11773,1500000,2250000
2015-03-03 00:01:55.900000,1.11777,1.11776,1500000,1500000
2015-03-03 00:01:55.951000,1.11777,1.11776,1500000,3000000
2015-03-03 00:01:56.356000,1.11780,1.11779,1000000,1000000
2015-03-03 00:01:56.558000,1.11779,1.11777,1500000,3000000
2015-03-03 00:01:58.258000,1.11780,1.11778,1870000,1000000
2015-03-03 00:01:58.563000,1.11782,1.11780,2810000,2250000
2015-03-03 00:01:58.765000,1.11780,1.11778,2620000,1500000
2015-03-03 00:01:58.918000,1.11781,1.11779,1120000,1000000
2015-03-03 00:01:59.423000,1.11782,1.11780,2060000,2250000
2015-03-03 00:02:02.315000,1.11781,1.11779,1000000,3000000
2015-03-03 00:02:06.174000,1.11783,1.11780,3190000,1500000
2015-03-03 00:02:06.680000,1.11782,1.11781,1120000,1500000
2015-03-03 00:02:14.119000,1.11783,1.11781,1800000,1500000
2015-03-03 00:02:17.353000,1.11784,1.11783,1000000,1500000
2015-03-03 00:02:17.656000,1.11790,1.11788,2250000,2250000
2015-03-03 00:02:18.162000,1.11791,1.11789,2250000,1500000
2015-03-03 00:02:18.769000,1.11792,1.11790,1500000,1500000
2015-03-03 00:02:19.275000,1.11793,1.11791,2440000,1500000
2015-03-03 00:02:42.522000,1.11792,1.11791,1000000,1000000
2015-03-03 00:02:43.082000,1.11793,1.11791,2250000,2250000
2015-03-03 00:02:43.133000,1.11795,1.11793,9640000,1500000
2015-03-03 00:02:44.611000,1.11795,1.11793,8810000,1500000
2015-03-03 00:02:48.918000,1.11794,1.11793,1000000,1000000
2015-03-03 00:02:49.461000,1.11794,1.11792,1500000,1500000
2015-03-03 00:02:51.227000,1.11793,1.11792,1000000,1000000
2015-03-03 00:02:51.747000,1.11793,1.11791,1500000,1500000
2015-03-03 00:03:11.950000,1.11793,1.11792,1000000,1000000
2015-03-03 00:03:12.462000,1.11794,1.11792,2250000,1500000
2015-03-03 00:03:30.790000,1.11793,1.11792,1000000,1500000
2015-03-03 00:03:31.300000,1.11793,1.11791,1500000,1500000
2015-03-03 00:03:37.290000,1.11793,1.11791,1500000,1870000
2015-03-03 00:03:40.187000,1.11794,1.11792,1000000,1000000
2015-03-03 00:03:40.290000,1.11795,1.11793,12560000,1500000
2015-03-03 00:03:43.133000,1.11794,1.11791,1000000,1870000
2015-03-03 00:03:48.506000,1.11795,1.11793,10310000,1500000
2015-03-03 00:03:59.839000,1.11793,1.11791,1000000,1000000
2015-03-03 00:04:00.937000,1.11793,1.11792,1000000,1000000
2015-03-03 00:04:03.600000,1.11793,1.11791,1000000,1500000
2015-03-03 00:04:10.410000,1.11794,1.11792,1500000,1500000
2015-03-03 00:04:10.947000,1.11794,1.11793,1000000,1500000
2015-03-03 00:04:11.637000,1.11795,1.11793,6190000,1500000
2015-03-03 00:04:12.294000,1.11794,1.11793,3370000,1500000
2015-03-03 00:04:15.690000,1.11793,1.11792,1000000,1000000
2015-03-03 00:04:19.955000,1.11794,1.11793,1000000,2250000
2015-03-03 00:04:20.208000,1.11796,1.11794,3190000,1500000
2015-03-03 00:04:20.714000,1.11797,1.11795,1000000,3000000
2015-03-03 00:04:21.977000,1.11799,1.11797,1500000,1500000
2015-03-03 00:04:22.495000,1.11800,1.11798,2250000,1500000
2015-03-03 00:04:26.866000,1.11799,1.11798,1000000,1000000
2015-03-03 00:04:27.383000,1.11799,1.11797,1000000,1500000
2015-03-03 00:04:30.790000,1.11798,1.11796,1000000,3000000
2015-03-03 00:04:30.841000,1.11797,1.11795,1000000,1870000
2015-03-03 00:04:31.347000,1.11797,1.11796,1000000,1500000
2015-03-03 00:04:37.014000,1.11798,1.11796,2250000,1500000
2015-03-03 00:04:37.542000,1.11797,1.11796,1000000,1500000
2015-03-03 00:04:39.414000,1.11798,1.11797,1500000,1000000
2015-03-03 00:04:43.631000,1.11798,1.11796,1500000,2250000
2015-03-03 00:04:44.138000,1.11798,1.11797,1500000,1000000
2015-03-03 00:04:53.867000,1.11798,1.11796,1500000,3000000
2015-03-03 00:04:54.394000,1.11799,1.11797,1500000,1500000
2015-03-03 00:04:55.103000,1.11798,1.11797,1000000,1000000
2015-03-03 00:04:55.616000,1.11798,1.11796,1500000,3000000
2015-03-03 00:04:56.154000,1.11798,1.11797,1000000,1500000
2015-03-03 00:04:56.666000,1.11798,1.11796,1500000,3000000
2015-03-03 00:05:14.667000,1.11798,1.11797,1000000,1000000
2015-03-03 00:05:15.172000,1.11799,1.11797,1500000,1500000
2015-03-03 00:05:17.450000,1.11798,1.11796,1500000,3000000
2015-03-03 00:05:17.964000,1.11799,1.11797,1500000,1500000
2015-03-03 00:05:19.663000,1.11800,1.11798,1500000,1500000
2015-03-03 00:05:25.572000,1.11799,1.11797,1500000,3370000
2015-03-03 00:05:58.268000,1.11798,1.11796,1000000,1000000
2015-03-03 00:06:00.722000,1.11799,1.11797,2250000,2250000
2015-03-03 00:06:20.683000,1.11799,1.11798,1500000,1000000
2015-03-03 00:06:20.885000,1.11802,1.11800,1500000,1500000
2015-03-03 00:06:21.391000,1.11803,1.11801,1250000,1500000
2015-03-03 00:06:23.677000,1.11804,1.11802,2320000,1000000
2015-03-03 00:06:24.082000,1.11805,1.11803,4420000,1000000
2015-03-03 00:06:24.184000,1.11806,1.11804,1000000,1500000
2015-03-03 00:06:27.870000,1.11806,1.11805,1500000,1120000
2015-03-03 00:06:28.124000,1.11808,1.11806,2250000,1500000
2015-03-03 00:06:28.477000,1.11809,1.11808,1500000,1000000
2015-03-03 00:06:28.630000,1.11811,1.11809,1570000,1000000
2015-03-03 00:06:29.142000,1.11812,1.11810,1500000,1500000
2015-03-03 00:06:29.658000,1.11811,1.11810,1000000,2250000
2015-03-03 00:06:30.163000,1.11813,1.11811,1570000,1500000
2015-03-03 00:06:39.061000,1.11811,1.11809,1500000,1000000
2015-03-03 00:06:50.990000,1.11810,1.11808,1000000,1500000
2015-03-03 00:06:51.496000,1.11807,1.11805,1870000,5250000
2015-03-03 00:06:51.699000,1.11804,1.11803,1000000,1120000
2015-03-03 00:06:51.851000,1.11803,1.11802,1500000,1000000
2015-03-03 00:06:51.902000,1.11801,1.11800,1500000,1870000
2015-03-03 00:06:52.407000,1.11801,1.11799,1500000,1500000
2015-03-03 00:06:52.962000,1.11801,1.11799,1000000,1000000
2015-03-03 00:06:53.490000,1.11800,1.11798,1500000,3000000
2015-03-03 00:06:54.744000,1.11801,1.11799,1500000,1000000
2015-03-03 00:07:00.799000,1.11800,1.11798,1500000,2250000
2015-03-03 00:07:34.523000,1.11802,1.11798,3000000,3750000
2015-03-03 00:07:36.096000,1.11801,1.11798,1000000,3750000
2015-03-03 00:07:36.646000,1.11802,1.11798,2250000,3750000
2015-03-03 00:07:43.126000,1.11801,1.11798,1000000,3750000
2015-03-03 00:07:48.955000,1.11800,1.11798,1000000,3000000
2015-03-03 00:07:54.214000,1.11799,1.11797,1000000,5620000
2015-03-03 00:08:00.937000,1.11800,1.11798,1500000,1500000
2015-03-03 00:08:01.925000,1.11799,1.11797,1000000,3370000
2015-03-03 00:08:02.440000,1.11798,1.11797,1500000,3370000
2015-03-03 00:08:10.669000,1.11798,1.11796,1500000,6370000
2015-03-03 00:08:14.303000,1.11798,1.11797,2320000,3370000
2015-03-03 00:08:14.821000,1.11798,1.11796,2320000,2250000
2015-03-03 00:08:15.182000,1.11796,1.11794,1000000,5890000
2015-03-03 00:08:15.234000,1.11796,1.11794,1000000,5890000
2015-03-03 00:08:15.588000,1.11796,1.11795,1000000,1000000
2015-03-03 00:08:16.093000,1.11797,1.11795,1000000,2620000
2015-03-03 00:08:29.561000,1.11797,1.11796,1000000,3370000
2015-03-03 00:08:31.985000,1.11797,1.11795,1000000,6000000
2015-03-03 00:08:41.609000,1.11797,1.11795,1870000,5250000
2015-03-03 00:08:41.811000,1.11795,1.11793,3370000,1500000
2015-03-03 00:08:42.014000,1.11794,1.11790,1310000,11620000
2015-03-03 00:08:42.519000,1.11795,1.11793,4690000,1500000
2015-03-03 00:08:52.233000,1.11792,1.11790,1500000,6000000
2015-03-03 00:08:52.638000,1.11793,1.11790,1100000,1870000
2015-03-03 00:08:53.648000,1.11792,1.11790,1500000,4120000
2015-03-03 00:08:54.154000,1.11793,1.11791,3000000,1500000
2015-03-03 00:08:54.966000,1.11792,1.11791,1000000,1000000
2015-03-03 00:08:55.489000,1.11792,1.11790,1500000,3370000
2015-03-03 00:09:00.048000,1.11791,1.11790,1000000,1870000
2015-03-03 00:09:00.403000,1.11790,1.11788,1500000,4120000
2015-03-03 00:09:00.504000,1.11788,1.11786,1500000,6820000
2015-03-03 00:09:00.708000,1.11786,1.11785,3670000,5170000
2015-03-03 00:09:01.011000,1.11784,1.11782,1000000,1120000
2015-03-03 00:09:01.113000,1.11785,1.11783,4800000,1370000
2015-03-03 00:09:01.416000,1.11788,1.11786,3250000,4120000
2015-03-03 00:09:01.923000,1.11788,1.11786,1500000,5320000
2015-03-03 00:09:02.579000,1.11788,1.11787,1500000,3370000
2015-03-03 00:09:16.945000,1.11788,1.11785,1500000,4200000
2015-03-03 00:09:26.858000,1.11788,1.11787,1500000,3750000
2015-03-03 00:09:33.166000,1.11789,1.11787,1500000,1870000
2015-03-03 00:09:33.700000,1.11788,1.11786,1500000,5320000
2015-03-03 00:09:45.048000,1.11788,1.11786,3250000,2320000
2015-03-03 00:10:03.867000,1.11787,1.11785,1000000,5700000
2015-03-03 00:10:04.373000,1.11786,1.11785,1500000,2250000
2015-03-03 00:10:08.928000,1.11787,1.11785,2250000,6000000
2015-03-03 00:10:16.894000,1.11786,1.11785,1000000,7500000
2015-03-03 00:10:18.304000,1.11787,1.11785,2250000,8250000
2015-03-03 00:10:19.086000,1.11786,1.11785,1000000,7120000
2015-03-03 00:10:22.638000,1.11787,1.11785,1000000,5250000
2015-03-03 00:10:29.640000,1.11787,1.11785,2250000,6000000
2015-03-03 00:10:30.146000,1.11787,1.11785,1500000,4120000
2015-03-03 00:10:34.694000,1.11786,1.11785,2250000,1120000
2015-03-03 00:10:48.641000,1.11787,1.11786,1000000,1000000
2015-03-03 00:10:53.968000,1.11787,1.11785,2250000,4870000
2015-03-03 00:10:58.065000,1.11787,1.11785,2500000,4500000
2015-03-03 00:11:02.989000,1.11787,1.11785,1500000,2620000
2015-03-03 00:11:03.192000,1.11783,1.11782,1500000,1050000
2015-03-03 00:11:03.243000,1.11783,1.11781,1500000,6450000
2015-03-03 00:11:03.344000,1.11785,1.11784,1500000,3370000
2015-03-03 00:11:03.395000,1.11785,1.11784,3000000,4120000
2015-03-03 00:11:03.497000,1.11787,1.11785,2250000,1870000
2015-03-03 00:11:04.002000,1.11787,1.11785,2250000,2620000
2015-03-03 00:11:05.098000,1.11783,1.11782,1000000,5100000
2015-03-03 00:11:05.150000,1.11783,1.11782,1000000,1570000
2015-03-03 00:11:05.303000,1.11785,1.11783,2700000,4500000
2015-03-03 00:11:05.810000,1.11788,1.11785,1000000,1370000
2015-03-03 00:11:06.290000,1.11786,1.11785,1500000,1000000
2015-03-03 00:11:06.493000,1.11784,1.11783,1000000,1050000
2015-03-03 00:11:06.998000,1.11784,1.11783,1000000,1000000
2015-03-03 00:11:10.135000,1.11784,1.11782,1000000,1200000
2015-03-03 00:11:10.641000,1.11784,1.11782,1000000,4870000
2015-03-03 00:11:10.692000,1.11785,1.11783,1000000,1870000
2015-03-03 00:11:11.197000,1.11786,1.11784,1000000,4120000
2015-03-03 00:11:11.401000,1.11784,1.11782,1500000,1800000
2015-03-03 00:11:12.002000,1.11783,1.11781,1500000,5620000
2015-03-03 00:11:18.377000,1.11783,1.11781,2250000,4870000
2015-03-03 00:11:27.542000,1.11783,1.11782,1500000,3370000
2015-03-03 00:11:28.655000,1.11784,1.11783,1000000,3370000
2015-03-03 00:11:29.179000,1.11783,1.11782,1500000,1000000
2015-03-03 00:11:40.334000,1.11783,1.11781,1500000,2320000
2015-03-03 00:11:45.134000,1.11783,1.11782,2250000,3370000
2015-03-03 00:11:49.796000,1.11784,1.11783,1000000,1000000
2015-03-03 00:11:50.385000,1.11784,1.11783,1000000,1500000
2015-03-03 00:11:56.134000,1.11783,1.11781,1000000,1000000
2015-03-03 00:11:56.185000,1.11783,1.11781,1000000,1000000
2015-03-03 00:12:06.325000,1.11785,1.11781,3070000,1370000
2015-03-03 00:12:15.903000,1.11783,1.11781,1000000,1570000
2015-03-03 00:12:16.529000,1.11785,1.11782,7500000,1000000
2015-03-03 00:12:17.653000,1.11783,1.11781,1500000,1100000
2015-03-03 00:12:18.168000,1.11784,1.11782,1000000,1000000
2015-03-03 00:12:24.043000,1.11785,1.11783,6000000,3000000
2015-03-03 00:12:24.144000,1.11785,1.11783,1500000,6370000
2015-03-03 00:12:24.195000,1.11786,1.11785,3000000,3370000
2015-03-03 00:13:24.192000,1.11788,1.11785,2250000,1100000
2015-03-03 00:13:36.279000,1.11787,1.11784,1000000,1120000
2015-03-03 00:13:37.372000,1.11785,1.11783,1000000,5620000
2015-03-03 00:13:37.626000,1.11786,1.11784,3000000,1500000
2015-03-03 00:13:39.796000,1.11785,1.11784,1000000,1000000
2015-03-03 00:13:45.477000,1.11785,1.11783,1500000,4870000
2015-03-03 00:13:45.982000,1.11784,1.11782,2250000,1570000
2015-03-03 00:13:46.083000,1.11783,1.11781,1000000,4200000
2015-03-03 00:13:46.184000,1.11782,1.11780,1500000,2250000
2015-03-03 00:13:47.345000,1.11783,1.11781,1500000,1000000
2015-03-03 00:13:48.114000,1.11785,1.11782,9370000,3370000
2015-03-03 00:13:51.206000,1.11783,1.11781,1500000,1570000
2015-03-03 00:13:51.723000,1.11785,1.11782,7870000,3370000
2015-03-03 00:13:52.851000,1.11783,1.11781,1500000,4200000
2015-03-03 00:13:59.492000,1.11785,1.11782,7120000,3370000
2015-03-03 00:14:00.988000,1.11783,1.11782,1500000,3370000
2015-03-03 00:14:04.463000,1.11786,1.11783,7500000,1000000
2015-03-03 00:14:04.565000,1.11785,1.11784,1500000,3370000
2015-03-03 00:14:14.974000,1.11785,1.11783,4500000,1500000
2015-03-03 00:14:15.025000,1.11784,1.11782,1500000,1570000
2015-03-03 00:14:15.535000,1.11783,1.11781,1500000,5620000
2015-03-03 00:14:21.363000,1.11783,1.11782,1500000,3370000
2015-03-03 00:14:21.918000,1.11783,1.11781,1500000,5620000
2015-03-03 00:14:23.802000,1.11783,1.11782,1500000,3370000
2015-03-03 00:14:31.677000,1.11784,1.11782,1000000,4120000
2015-03-03 00:14:32.183000,1.11783,1.11782,1500000,3370000
2015-03-03 00:14:32.688000,1.11783,1.11781,1500000,1500000
2015-03-03 00:14:33.193000,1.11783,1.11782,1500000,3370000
2015-03-03 00:14:33.986000,1.11783,1.11781,1500000,5620000
2015-03-03 00:14:34.510000,1.11783,1.11782,1500000,3370000
2015-03-03 00:14:45.034000,1.11784,1.11782,1000000,4120000
2015-03-03 00:14:50.249000,1.11785,1.11783,1500000,1000000
2015-03-03 00:14:51.964000,1.11784,1.11783,1000000,1000000
2015-03-03 00:14:52.500000,1.11783,1.11781,1570000,1500000
2015-03-03 00:14:58.158000,1.11782,1.11780,1000000,2250000
2015-03-03 00:14:58.209000,1.11782,1.11780,1000000,1500000
2015-03-03 00:14:59.430000,1.11783,1.11781,1100000,3370000
2015-03-03 00:15:00.290000,1.11782,1.11780,1000000,9820000
2015-03-03 00:15:05.142000,1.11782,1.11781,1000000,1000000
2015-03-03 00:15:05.768000,1.11782,1.11780,1000000,8700000
2015-03-03 00:15:07.032000,1.11784,1.11782,1000000,3370000
2015-03-03 00:15:07.860000,1.11783,1.11782,1000000,3370000
2015-03-03 00:15:14.151000,1.11783,1.11781,1500000,1570000
2015-03-03 00:15:27.899000,1.11782,1.11781,1000000,1000000
2015-03-03 00:15:28.404000,1.11782,1.11780,1500000,2250000
2015-03-03 00:15:35.917000,1.11784,1.11783,3070000,1000000
2015-03-03 00:15:36.119000,1.11783,1.11781,1500000,3000000
2015-03-03 00:15:38.044000,1.11783,1.11782,1500000,3370000
2015-03-03 00:15:40.844000,1.11785,1.11783,4120000,1000000
2015-03-03 00:15:40.895000,1.11785,1.11783,4870000,1500000
2015-03-03 00:15:43.173000,1.11783,1.11781,1000000,3820000
2015-03-03 00:15:43.223000,1.11783,1.11781,1500000,2700000
2015-03-03 00:15:47.497000,1.11783,1.11782,1500000,3370000
2015-03-03 00:15:51.345000,1.11783,1.11781,1500000,4570000
2015-03-03 00:15:51.900000,1.11784,1.11782,1500000,3450000
2015-03-03 00:15:55.090000,1.11783,1.11781,1500000,5700000
2015-03-03 00:15:58.038000,1.11785,1.11783,1870000,1000000
2015-03-03 00:15:58.288000,1.11785,1.11784,1120000,1000000
2015-03-03 00:15:58.820000,1.11786,1.11784,1000000,1000000
2015-03-03 00:15:59.332000,1.11785,1.11783,1500000,4200000
2015-03-03 00:16:00.250000,1.11787,1.11785,1000000,3370000
2015-03-03 00:16:00.352000,1.11787,1.11785,1500000,4120000
2015-03-03 00:16:02.030000,1.11786,1.11785,1000000,1000000
2015-03-03 00:16:02.591000,1.11787,1.11785,1500000,1000000
2015-03-03 00:16:20.964000,1.11786,1.11784,1000000,2250000
2015-03-03 00:16:41.983000,1.11787,1.11785,1500000,1500000
2015-03-03 00:17:02.085000,1.11787,1.11785,1500000,1000000
2015-03-03 00:17:09.173000,1.11788,1.11786,3750000,1500000
2015-03-03 00:17:20.252000,1.11788,1.11787,1500000,1000000
2015-03-03 00:17:20.959000,1.11788,1.11785,1000000,4950000
2015-03-03 00:17:50.550000,1.11789,1.11787,1500000,1500000
2015-03-03 00:17:50.752000,1.11791,1.11789,3750000,1500000
2015-03-03 00:17:51.262000,1.11790,1.11789,1000000,1500000
2015-03-03 00:17:51.895000,1.11791,1.11789,1500000,1500000
2015-03-03 00:18:20.215000,1.11797,1.11795,1120000,1000000
2015-03-03 00:18:20.723000,1.11797,1.11796,1120000,1500000
2015-03-03 00:18:44.464000,1.11796,1.11793,1000000,5620000
2015-03-03 00:18:48.410000,1.11795,1.11794,1500000,1500000
2015-03-03 00:19:01.306000,1.11797,1.11794,1500000,3750000
2015-03-03 00:19:07.963000,1.11796,1.11794,1500000,3750000
2015-03-03 00:19:30.696000,1.11795,1.11794,2250000,1050000
2015-03-03 00:19:30.899000,1.11794,1.11792,1000000,1000000
2015-03-03 00:19:41.185000,1.11794,1.11793,1000000,1000000
2015-03-03 00:19:41.337000,1.11796,1.11794,2250000,2250000
2015-03-03 00:19:41.838000,1.11796,1.11794,1500000,2620000
2015-03-03 00:19:57.689000,1.11797,1.11795,2250000,1570000
2015-03-03 00:19:58.203000,1.11795,1.11794,1000000,5620000
2015-03-03 00:19:58.718000,1.11796,1.11794,2250000,7200000
2015-03-03 00:20:00.907000,1.11796,1.11794,2500000,3820000
2015-03-03 00:20:04.939000,1.11796,1.11794,1500000,3000000
2015-03-03 00:20:33.585000,1.11795,1.11794,1000000,3070000
2015-03-03 00:20:35.775000,1.11796,1.11794,1500000,3000000
2015-03-03 00:20:41.891000,1.11796,1.11794,2620000,3000000
2015-03-03 00:20:44.452000,1.11796,1.11794,2620000,3000000
2015-03-03 00:20:45.138000,1.11796,1.11794,2620000,3000000
2015-03-03 00:20:46.324000,1.11796,1.11794,2250000,2250000
2015-03-03 00:20:47.223000,1.11795,1.11794,1000000,2250000
2015-03-03 00:20:50.610000,1.11796,1.11794,1500000,1500000
2015-03-03 00:20:51.135000,1.11795,1.11794,1500000,2250000
2015-03-03 00:21:06.415000,1.11797,1.11795,1950000,1500000
2015-03-03 00:21:20.933000,1.11798,1.11796,1500000,1500000
2015-03-03 00:21:21.237000,1.11799,1.11797,1000000,1500000
2015-03-03 00:21:21.743000,1.11800,1.11798,7310000,1500000
2015-03-03 00:21:32.677000,1.11800,1.11799,1500000,1000000
2015-03-03 00:21:32.879000,1.11803,1.11801,2320000,1500000
2015-03-03 00:21:33.387000,1.11804,1.11802,2320000,1500000
2015-03-03 00:21:34.117000,1.11806,1.11804,7870000,1000000
2015-03-03 00:21:34.321000,1.11807,1.11805,2250000,1870000
2015-03-03 00:21:34.372000,1.11808,1.11806,1250000,1000000
2015-03-03 00:21:34.877000,1.11807,1.11806,1500000,3450000
2015-03-03 00:21:35.282000,1.11806,1.11804,2500000,2620000
2015-03-03 00:21:35.435000,1.11805,1.11804,1000000,1500000
2015-03-03 00:21:35.587000,1.11804,1.11802,1500000,1570000
2015-03-03 00:21:35.738000,1.11806,1.11804,2320000,1000000
2015-03-03 00:21:36.244000,1.11806,1.11804,2250000,1500000
2015-03-03 00:21:36.548000,1.11810,1.11807,6370000,1000000
2015-03-03 00:21:36.702000,1.11810,1.11808,1950000,1500000
2015-03-03 00:21:37.207000,1.11811,1.11809,2250000,1500000
2015-03-03 00:21:37.962000,1.11810,1.11808,1000000,1000000
2015-03-03 00:21:45.846000,1.11810,1.11809,1000000,1000000
2015-03-03 00:21:46.361000,1.11811,1.11809,2620000,1500000
2015-03-03 00:21:47.250000,1.11809,1.11806,1000000,9820000
2015-03-03 00:21:51.210000,1.11810,1.11809,1000000,1500000
2015-03-03 00:21:55.972000,1.11811,1.11809,1120000,1000000
2015-03-03 00:21:56.075000,1.11812,1.11810,2250000,1000000
2015-03-03 00:21:56.277000,1.11813,1.11811,1010000,1000000
2015-03-03 00:21:56.797000,1.11812,1.11810,1000000,1000000
2015-03-03 00:21:58.599000,1.11813,1.11811,1390000,1500000
2015-03-03 00:22:00.698000,1.11812,1.11810,1000000,2250000
2015-03-03 00:22:04.986000,1.11813,1.11812,1100000,1500000
2015-03-03 00:22:05.926000,1.11813,1.11811,1570000,1000000
2015-03-03 00:22:06.867000,1.11812,1.11811,1000000,1000000
2015-03-03 00:22:07.372000,1.11813,1.11811,1570000,1000000
2015-03-03 00:22:09.138000,1.11812,1.11811,1000000,1000000
2015-03-03 00:22:10.337000,1.11812,1.11810,2250000,1500000
2015-03-03 00:22:11.111000,1.11811,1.11810,1000000,1500000
2015-03-03 00:22:13.683000,1.11810,1.11808,1000000,1000000
2015-03-03 00:22:20.532000,1.11810,1.11809,1000000,1500000
2015-03-03 00:22:21.051000,1.11809,1.11807,1000000,1000000
2015-03-03 00:22:30.498000,1.11810,1.11809,1000000,1500000
2015-03-03 00:22:37.104000,1.11809,1.11807,1000000,1000000
2015-03-03 00:22:46.881000,1.11811,1.11809,1200000,1000000
2015-03-03 00:22:48.861000,1.11811,1.11808,1570000,1500000
2015-03-03 00:22:49.984000,1.11810,1.11809,1000000,1500000
2015-03-03 00:22:50.490000,1.11812,1.11809,6190000,1000000
2015-03-03 00:22:51.857000,1.11808,1.11807,1000000,3750000
2015-03-03 00:22:51.958000,1.11810,1.11808,2250000,1000000
2015-03-03 00:23:12.188000,1.11809,1.11807,1120000,1000000
2015-03-03 00:23:15.614000,1.11809,1.11807,1870000,1000000
2015-03-03 00:23:15.715000,1.11806,1.11805,1200000,1100000
2015-03-03 00:23:16.019000,1.11805,1.11803,5620000,1500000
2015-03-03 00:23:16.525000,1.11807,1.11805,2320000,1000000
2015-03-03 00:23:17.200000,1.11807,1.11805,1100000,1500000
2015-03-03 00:23:18.606000,1.11809,1.11806,4990000,1000000
2015-03-03 00:23:25.165000,1.11809,1.11807,1950000,1000000
2015-03-03 00:23:26.753000,1.11807,1.11806,1000000,1000000
2015-03-03 00:23:27.258000,1.11808,1.11807,1000000,1000000
2015-03-03 00:23:28.722000,1.11807,1.11806,1000000,1000000
2015-03-03 00:23:29.235000,1.11808,1.11807,1000000,1000000
2015-03-03 00:23:30.681000,1.11807,1.11806,1000000,1000000
2015-03-03 00:23:31.261000,1.11808,1.11807,1000000,1000000
2015-03-03 00:23:32.773000,1.11807,1.11806,1000000,1000000
2015-03-03 00:23:33.283000,1.11808,1.11807,1000000,1000000
2015-03-03 00:23:36.633000,1.11807,1.11806,1000000,1000000
2015-03-03 00:23:37.926000,1.11808,1.11807,1000000,1000000
2015-03-03 00:23:50.833000,1.11810,1.11807,8250000,1500000
2015-03-03 00:24:50.828000,1.11809,1.11806,1120000,1000000
2015-03-03 00:24:51.359000,1.11808,1.11805,1000000,2510000
2015-03-03 00:24:53.482000,1.11808,1.11806,1000000,1000000
2015-03-03 00:25:04.058000,1.11807,1.11806,1000000,1000000
2015-03-03 00:25:10.775000,1.11808,1.11806,1000000,1000000
2015-03-03 00:25:18.591000,1.11810,1.11806,4120000,1000000
2015-03-03 00:25:19.096000,1.11811,1.11806,3560000,2620000
2015-03-03 00:25:20.368000,1.11810,1.11806,1870000,1870000
2015-03-03 00:25:23.539000,1.11810,1.11806,2250000,1120000
2015-03-03 00:25:27.704000,1.11810,1.11806,1000000,1100000
2015-03-03 00:25:28.007000,1.11810,1.11806,1000000,1500000
2015-03-03 00:25:28.528000,1.11811,1.11806,3750000,2810000
2015-03-03 00:25:29.033000,1.11811,1.11806,3000000,5060000
2015-03-03 00:25:30.115000,1.11810,1.11806,1370000,2920000
2015-03-03 00:25:33.087000,1.11809,1.11806,1120000,1500000
2015-03-03 00:25:45.971000,1.11810,1.11807,1120000,1120000
2015-03-03 00:25:51.006000,1.11810,1.11807,1870000,1100000
2015-03-03 00:25:51.691000,1.11810,1.11806,2620000,1870000
2015-03-03 00:25:57.939000,1.11810,1.11806,5250000,2250000
2015-03-03 00:26:00.372000,1.11810,1.11806,1870000,2250000
2015-03-03 00:26:00.574000,1.11811,1.11809,2250000,1100000
2015-03-03 00:26:00.675000,1.11812,1.11810,2620000,1000000
2015-03-03 00:26:01.181000,1.11813,1.11811,1690000,1000000
2015-03-03 00:26:02.951000,1.11813,1.11811,1690000,1500000
2015-03-03 00:26:04.341000,1.11812,1.11810,1000000,1000000
2015-03-03 00:26:08.301000,1.11813,1.11811,1500000,1500000
2015-03-03 00:26:10.092000,1.11815,1.11813,11320000,1500000
2015-03-03 00:26:10.411000,1.11817,1.11814,5250000,2250000
2015-03-03 00:26:10.463000,1.11818,1.11816,3190000,1870000
2015-03-03 00:26:10.919000,1.11821,1.11819,5810000,1100000
2015-03-03 00:26:11.425000,1.11821,1.11819,3000000,1570000
2015-03-03 00:26:14.992000,1.11821,1.11819,1500000,1000000
2015-03-03 00:26:15.348000,1.11824,1.11821,4690000,1000000
2015-03-03 00:26:15.852000,1.11824,1.11820,1690000,6000000
2015-03-03 00:26:22.835000,1.11823,1.11821,1100000,1000000
2015-03-03 00:26:33.574000,1.11822,1.11820,1500000,2320000
2015-03-03 00:26:42.773000,1.11821,1.11819,1500000,3000000
2015-03-03 00:26:43.358000,1.11822,1.11820,1500000,1500000
2015-03-03 00:26:43.872000,1.11821,1.11820,1000000,1000000
2015-03-03 00:26:44.438000,1.11821,1.11819,2250000,1500000
2015-03-03 00:26:46.890000,1.11822,1.11820,1100000,1000000
2015-03-03 00:26:47.400000,1.11822,1.11820,1100000,1500000
2015-03-03 00:26:48.353000,1.11821,1.11819,1000000,1000000
2015-03-03 00:26:53.312000,1.11823,1.11821,1950000,1500000
2015-03-03 00:26:53.414000,1.11824,1.11822,1050000,3000000
2015-03-03 00:26:53.667000,1.11826,1.11825,1500000,1000000
2015-03-03 00:26:53.820000,1.11824,1.11823,1000000,1100000
2015-03-03 00:26:54.329000,1.11824,1.11822,1500000,1500000
2015-03-03 00:26:58.730000,1.11822,1.11820,1000000,9370000
2015-03-03 00:26:58.781000,1.11822,1.11820,1000000,7870000
2015-03-03 00:27:00.571000,1.11824,1.11822,1000000,2250000
2015-03-03 00:27:00.622000,1.11824,1.11822,1500000,3000000
2015-03-03 00:27:01.310000,1.11824,1.11823,1500000,1000000
2015-03-03 00:27:01.822000,1.11823,1.11822,1100000,1500000
2015-03-03 00:27:02.544000,1.11824,1.11822,2250000,1500000
2015-03-03 00:27:03.048000,1.11825,1.11823,1500000,3450000
2015-03-03 00:27:03.776000,1.11827,1.11825,1870000,1500000
2015-03-03 00:27:04.080000,1.11826,1.11824,5020000,1800000
2015-03-03 00:27:04.233000,1.11823,1.11821,1500000,2320000
2015-03-03 00:27:04.487000,1.11821,1.11819,1500000,3070000
2015-03-03 00:27:12.111000,1.11821,1.11820,1500000,1000000
2015-03-03 00:27:22.783000,1.11823,1.11820,2510000,1000000
2015-03-03 00:27:23.292000,1.11821,1.11820,1500000,1000000
2015-03-03 00:28:04.495000,1.11823,1.11820,2440000,1000000
2015-03-03 00:28:19.928000,1.11822,1.11820,1000000,1000000
2015-03-03 00:28:23.921000,1.11821,1.11820,1000000,1000000
2015-03-03 00:28:24.432000,1.11822,1.11820,2440000,1000000
2015-03-03 00:28:24.979000,1.11821,1.11820,1000000,1000000
2015-03-03 00:28:25.740000,1.11822,1.11820,2440000,1000000
2015-03-03 00:28:26.306000,1.11821,1.11820,1000000,1000000
2015-03-03 00:28:27.273000,1.11821,1.11819,1000000,1000000
2015-03-03 00:28:30.964000,1.11820,1.11819,1000000,1000000
2015-03-03 00:28:31.929000,1.11822,1.11819,2320000,1000000
2015-03-03 00:28:32.480000,1.11821,1.11820,2250000,1000000
2015-03-03 00:29:06.557000,1.11822,1.11820,2250000,1000000
2015-03-03 00:29:30.712000,1.11820,1.11819,1000000,1000000
2015-03-03 00:29:30.813000,1.11820,1.11818,1500000,1870000
2015-03-03 00:29:33.911000,1.11819,1.11818,1000000,1120000
2015-03-03 00:29:37.303000,1.11820,1.11818,3750000,1870000
2015-03-03 00:29:37.556000,1.11820,1.11818,3000000,1000000
2015-03-03 00:29:37.710000,1.11813,1.11812,1000000,1950000
2015-03-03 00:29:37.812000,1.11813,1.11810,4500000,2250000
2015-03-03 00:29:37.913000,1.11813,1.11812,1500000,4120000
2015-03-03 00:29:38.318000,1.11815,1.11814,1000000,1500000
2015-03-03 00:29:38.419000,1.11814,1.11812,1000000,1570000
2015-03-03 00:29:38.671000,1.11814,1.11812,1000000,1500000
2015-03-03 00:29:38.723000,1.11813,1.11811,1500000,3450000
2015-03-03 00:29:40.191000,1.11815,1.11813,1500000,1000000
2015-03-03 00:29:45.157000,1.11815,1.11813,2250000,1000000
2015-03-03 00:29:45.412000,1.11813,1.11811,1500000,1870000
2015-03-03 00:29:45.917000,1.11813,1.11812,1000000,1000000
2015-03-03 00:29:46.410000,1.11816,1.11815,3000000,7120000
2015-03-03 00:29:46.562000,1.11817,1.11815,1000000,2620000
2015-03-03 00:29:46.664000,1.11819,1.11818,1000000,1000000
2015-03-03 00:29:46.970000,1.11822,1.11819,6750000,1000000
2015-03-03 00:29:47.477000,1.11820,1.11818,1000000,1500000
2015-03-03 00:29:47.983000,1.11818,1.11817,1500000,1000000
2015-03-03 00:29:48.489000,1.11818,1.11816,1500000,2250000
2015-03-03 00:29:48.793000,1.11820,1.11819,1000000,1500000
2015-03-03 00:29:48.895000,1.11822,1.11820,2250000,1500000
2015-03-03 00:29:48.996000,1.11820,1.11818,1500000,1500000
2015-03-03 00:29:49.047000,1.11819,1.11817,1000000,5620000
2015-03-03 00:29:52.480000,1.11818,1.11816,1000000,1500000
2015-03-03 00:29:57.492000,1.11817,1.11816,1500000,1100000
2015-03-03 00:29:58.228000,1.11819,1.11817,1000000,3370000
2015-03-03 00:30:00.337000,1.11818,1.11816,1500000,1100000
2015-03-03 00:30:00.389000,1.11816,1.11814,4500000,1000000
2015-03-03 00:30:00.491000,1.11814,1.11811,1000000,5170000
2015-03-03 00:30:00.592000,1.11813,1.11811,1500000,2620000
2015-03-03 00:30:00.971000,1.11811,1.11809,3750000,1000000
2015-03-03 00:30:01.022000,1.11808,1.11806,1500000,5320000
2015-03-03 00:30:01.226000,1.11810,1.11808,2250000,1000000
2015-03-03 00:30:01.965000,1.11809,1.11807,1500000,2250000
2015-03-03 00:30:02.320000,1.11810,1.11809,1500000,1000000
2015-03-03 00:30:02.624000,1.11813,1.11812,1570000,1500000
2015-03-03 00:30:02.929000,1.11817,1.11815,1500000,1000000
2015-03-03 00:30:03.031000,1.11816,1.11813,3750000,5920000
2015-03-03 00:30:03.334000,1.11818,1.11816,3750000,1000000
2015-03-03 00:30:03.587000,1.11817,1.11815,3750000,1500000
2015-03-03 00:30:04.044000,1.11819,1.11817,3750000,5320000
2015-03-03 00:30:04.095000,1.11821,1.11819,1000000,1000000
2015-03-03 00:30:04.398000,1.11823,1.11820,3750000,1000000
2015-03-03 00:30:04.954000,1.11822,1.11821,3750000,1000000
2015-03-03 00:30:05.512000,1.11821,1.11820,1000000,1000000
2015-03-03 00:30:05.714000,1.11821,1.11819,2250000,1500000
2015-03-03 00:30:06.612000,1.11819,1.11817,1500000,4870000
2015-03-03 00:30:06.664000,1.11819,1.11817,2250000,5620000
2015-03-03 00:30:07.170000,1.11819,1.11818,1000000,1500000
2015-03-03 00:30:08.316000,1.11820,1.11818,2250000,1500000
2015-03-03 00:30:14.949000,1.11820,1.11819,1500000,1000000
2015-03-03 00:30:15,1.11822,1.11820,4010000,1500000
2015-03-03 00:30:15.515000,1.11821,1.11820,1500000,1000000
2015-03-03 00:30:17.365000,1.11821,1.11819,1500000,1500000
2015-03-03 00:30:17.870000,1.11822,1.11821,1000000,1000000
2015-03-03 00:30:17.972000,1.11823,1.11821,5320000,1500000
2015-03-03 00:30:18.477000,1.11822,1.11821,1000000,2250000
2015-03-03 00:30:19.026000,1.11823,1.11821,3070000,2250000
2015-03-03 00:30:20.903000,1.11823,1.11821,2320000,2500000
2015-03-03 00:30:21.562000,1.11822,1.11821,1000000,1500000
2015-03-03 00:30:22.093000,1.11823,1.11821,3000000,2250000
2015-03-03 00:30:23.904000,1.11825,1.11823,11250000,1000000
2015-03-03 00:30:24.207000,1.11825,1.11823,1500000,5440000
2015-03-03 00:30:24.511000,1.11829,1.11827,3750000,1500000
2015-03-03 00:30:24.562000,1.11829,1.11827,7870000,1500000
2015-03-03 00:30:24.714000,1.11826,1.11824,2250000,2550000
2015-03-03 00:30:25.402000,1.11830,1.11828,2620000,1000000
2015-03-03 00:30:25.957000,1.11831,1.11829,1870000,1000000
2015-03-03 00:30:26.512000,1.11832,1.11830,3070000,1000000
2015-03-03 00:30:27.037000,1.11834,1.11831,4010000,1500000
2015-03-03 00:30:27.556000,1.11833,1.11831,1500000,1500000
2015-03-03 00:30:28.118000,1.11833,1.11831,3000000,1500000
2015-03-03 00:30:29.943000,1.11835,1.11832,9370000,1500000
2015-03-03 00:30:30.248000,1.11835,1.11834,1570000,1500000
2015-03-03 00:30:30.653000,1.11834,1.11832,1500000,1950000
2015-03-03 00:30:31.060000,1.11835,1.11834,1500000,1500000
2015-03-03 00:30:31.162000,1.11837,1.11835,2320000,1500000
2015-03-03 00:30:31.213000,1.11839,1.11836,2620000,1000000
2015-03-03 00:30:31.819000,1.11840,1.11839,1000000,1000000
2015-03-03 00:30:32.326000,1.11841,1.11839,1570000,1500000
2015-03-03 00:30:33.134000,1.11841,1.11840,1000000,1000000
2015-03-03 00:30:33.639000,1.11842,1.11840,2250000,1500000
2015-03-03 00:30:34.144000,1.11841,1.11839,1500000,1500000
2015-03-03 00:30:34.195000,1.11840,1.11838,1000000,1500000
2015-03-03 00:30:34.702000,1.11838,1.11836,1500000,5250000
2015-03-03 00:30:35.246000,1.11838,1.11837,2250000,1000000
2015-03-03 00:30:35.777000,1.11838,1.11836,2250000,5620000
2015-03-03 00:30:37.855000,1.11837,1.11835,1500000,2320000
2015-03-03 00:30:38.952000,1.11838,1.11836,1000000,1000000
2015-03-03 00:30:39.466000,1.11837,1.11836,1500000,1000000
2015-03-03 00:30:41.138000,1.11838,1.11836,1000000,1000000
2015-03-03 00:30:44.228000,1.11837,1.11835,1500000,4950000
2015-03-03 00:30:44.733000,1.11837,1.11835,1500000,5700000
2015-03-03 00:30:44.784000,1.11837,1.11835,1500000,5700000
2015-03-03 00:30:45.474000,1.11836,1.11834,1500000,6560000
2015-03-03 00:30:46.384000,1.11837,1.11835,2250000,1570000
2015-03-03 00:30:48.851000,1.11837,1.11836,2250000,3370000
2015-03-03 00:30:50.941000,1.11840,1.11838,6750000,1000000
2015-03-03 00:30:52.804000,1.11840,1.11838,5250000,1000000
2015-03-03 00:30:53.309000,1.11839,1.11837,2500000,6000000
2015-03-03 00:30:53.613000,1.11843,1.11841,1250000,1500000
2015-03-03 00:30:53.664000,1.11841,1.11839,2250000,1870000
2015-03-03 00:30:53.815000,1.11840,1.11838,1500000,1870000
2015-03-03 00:30:53.917000,1.11841,1.11839,1500000,2620000
2015-03-03 00:30:54.119000,1.11840,1.11838,1500000,1870000
2015-03-03 00:30:54.642000,1.11840,1.11838,2250000,2250000
2015-03-03 00:30:54.945000,1.11843,1.11841,1570000,1500000
2015-03-03 00:30:55.248000,1.11844,1.11843,1570000,1000000
2015-03-03 00:30:55.756000,1.11845,1.11843,1500000,2250000
2015-03-03 00:31:00.381000,1.11847,1.11845,1870000,1500000
2015-03-03 00:31:00.533000,1.11847,1.11845,1500000,3000000
2015-03-03 00:31:01.038000,1.11846,1.11844,1000000,1000000
2015-03-03 00:31:01.139000,1.11844,1.11842,1500000,3000000
2015-03-03 00:31:01.493000,1.11844,1.11842,1500000,1500000
2015-03-03 00:31:01.594000,1.11844,1.11842,1500000,1000000
2015-03-03 00:31:01.696000,1.11843,1.11841,3450000,1500000
2015-03-03 00:31:01.949000,1.11839,1.11837,1500000,2250000
2015-03-03 00:31:02.454000,1.11838,1.11836,1500000,1500000
2015-03-03 00:31:02.889000,1.11838,1.11836,1500000,2250000
2015-03-03 00:31:04.547000,1.11836,1.11835,1500000,1000000
2015-03-03 00:31:04.850000,1.11834,1.11832,1500000,4950000
2015-03-03 00:31:05.358000,1.11834,1.11832,1500000,1200000
2015-03-03 00:31:08.353000,1.11835,1.11833,3000000,1000000
2015-03-03 00:31:08.808000,1.11833,1.11831,1500000,3410000
2015-03-03 00:31:08.858000,1.11835,1.11833,1500000,1000000
2015-03-03 00:31:08.960000,1.11836,1.11834,3000000,2250000
2015-03-03 00:31:09.061000,1.11837,1.11835,1570000,2250000
2015-03-03 00:31:09.566000,1.11837,1.11836,1500000,1000000
2015-03-03 00:31:10.415000,1.11837,1.11835,1500000,2320000
2015-03-03 00:31:11.242000,1.11836,1.11835,1000000,1000000
2015-03-03 00:31:11.762000,1.11836,1.11834,1500000,2320000
2015-03-03 00:31:14.760000,1.11836,1.11835,1500000,1000000
2015-03-03 00:31:15.379000,1.11836,1.11834,1500000,4760000
2015-03-03 00:31:15.889000,1.11837,1.11835,1500000,1000000
2015-03-03 00:31:16.904000,1.11839,1.11837,6750000,1000000
2015-03-03 00:31:17.407000,1.11837,1.11835,1500000,1500000
2015-03-03 00:31:19.420000,1.11839,1.11836,6000000,1000000
2015-03-03 00:31:20.978000,1.11837,1.11835,1500000,1500000
2015-03-03 00:31:21.519000,1.11839,1.11836,6750000,1000000
2015-03-03 00:31:22.927000,1.11837,1.11835,1500000,1500000
2015-03-03 00:31:23.492000,1.11839,1.11836,6750000,1000000
2015-03-03 00:31:24.374000,1.11838,1.11836,1500000,2250000
2015-03-03 00:31:29.949000,1.11837,1.11836,1000000,1500000
2015-03-03 00:31:32.958000,1.11838,1.11836,1500000,2250000
2015-03-03 00:31:52.926000,1.11837,1.11836,1000000,1000000
2015-03-03 00:31:53.465000,1.11837,1.11835,1500000,4200000
2015-03-03 00:31:58.347000,1.11837,1.11836,1500000,1000000
2015-03-03 00:32:00.563000,1.11839,1.11837,1500000,1000000
2015-03-03 00:32:00.665000,1.11839,1.11837,2250000,1500000
2015-03-03 00:32:07.004000,1.11839,1.11837,1500000,1500000
2015-03-03 00:32:08.336000,1.11839,1.11837,1500000,1500000
2015-03-03 00:32:10.730000,1.11838,1.11837,1000000,1000000
2015-03-03 00:32:11.445000,1.11838,1.11836,1500000,2250000
2015-03-03 00:32:11.962000,1.11838,1.11837,1500000,1000000
2015-03-03 00:32:13.224000,1.11838,1.11836,1500000,2250000
2015-03-03 00:32:13.950000,1.11837,1.11836,1000000,1500000
2015-03-03 00:32:17.487000,1.11837,1.11835,2250000,1570000
2015-03-03 00:32:18.035000,1.11836,1.11835,1000000,1570000
2015-03-03 00:32:18.388000,1.11835,1.11833,1000000,1420000
2015-03-03 00:32:18.931000,1.11833,1.11832,1000000,2620000
2015-03-03 00:32:18.982000,1.11833,1.11832,1000000,2250000
2015-03-03 00:32:19.285000,1.11832,1.11830,1000000,1500000
2015-03-03 00:32:20.859000,1.11832,1.11830,1000000,1500000
2015-03-03 00:32:23.187000,1.11832,1.11830,1000000,2250000
2015-03-03 00:32:23.793000,1.11833,1.11831,1000000,2320000
2015-03-03 00:32:24.811000,1.11834,1.11832,1500000,1000000
2015-03-03 00:32:30.096000,1.11834,1.11833,1000000,1000000
2015-03-03 00:32:30.603000,1.11835,1.11833,1500000,2250000
2015-03-03 00:32:30.906000,1.11836,1.11835,1000000,1000000
2015-03-03 00:32:31.424000,1.11836,1.11834,1500000,1500000
2015-03-03 00:32:31.941000,1.11835,1.11833,1500000,1570000
2015-03-03 00:32:32.900000,1.11837,1.11835,1000000,1000000
2015-03-03 00:32:32.951000,1.11837,1.11835,1500000,1500000
2015-03-03 00:32:33.928000,1.11836,1.11835,1000000,1000000
2015-03-03 00:32:34.434000,1.11836,1.11834,1570000,1500000
2015-03-03 00:32:34.939000,1.11837,1.11835,1570000,2250000
2015-03-03 00:32:42.375000,1.11838,1.11836,4570000,1000000
2015-03-03 00:32:42.880000,1.11839,1.11837,2250000,1500000
2015-03-03 00:33:01.056000,1.11837,1.11835,1000000,3560000
2015-03-03 00:33:01.108000,1.11837,1.11835,1000000,2060000
2015-03-03 00:33:05.575000,1.11837,1.11835,1000000,1120000
2015-03-03 00:33:06.905000,1.11837,1.11835,1500000,2250000
2015-03-03 00:33:17.010000,1.11837,1.11836,1500000,1000000
2015-03-03 00:33:19.109000,1.11837,1.11835,1500000,2250000
2015-03-03 00:33:19.412000,1.11834,1.11833,1000000,1500000
2015-03-03 00:33:19.514000,1.11834,1.11833,1000000,2250000
2015-03-03 00:33:19.717000,1.11832,1.11829,1000000,3370000
2015-03-03 00:33:19.768000,1.11832,1.11830,1500000,1000000
2015-03-03 00:33:19.818000,1.11830,1.11828,1000000,2700000
2015-03-03 00:33:20.122000,1.11833,1.11831,1000000,1000000
2015-03-03 00:33:30.381000,1.11833,1.11831,1000000,2770000
2015-03-03 00:33:30.736000,1.11835,1.11833,1000000,1000000
2015-03-03 00:33:31.091000,1.11833,1.11832,1000000,1000000
2015-03-03 00:33:31.626000,1.11834,1.11832,1500000,1500000
2015-03-03 00:33:40.530000,1.11834,1.11833,1500000,1000000
2015-03-03 00:33:40.783000,1.11832,1.11830,1500000,2250000
2015-03-03 00:33:41.881000,1.11832,1.11831,1000000,1000000
2015-03-03 00:33:42.396000,1.11833,1.11831,1500000,1500000
2015-03-03 00:33:51.239000,1.11832,1.11830,1500000,1500000
2015-03-03 00:33:51.745000,1.11831,1.11830,1500000,1000000
2015-03-03 00:33:52.455000,1.11831,1.11829,1500000,1570000
2015-03-03 00:33:53.401000,1.11833,1.11831,3000000,1000000
2015-03-03 00:33:53.502000,1.11831,1.11829,1500000,1500000
2015-03-03 00:33:54.013000,1.11832,1.11830,1000000,1000000
2015-03-03 00:33:57.564000,1.11832,1.11830,1500000,1000000
2015-03-03 00:34:00.114000,1.11832,1.11830,1000000,1000000
2015-03-03 00:34:00.165000,1.11832,1.11830,1000000,1000000
2015-03-03 00:34:00.570000,1.11832,1.11830,1000000,1570000
2015-03-03 00:34:01.106000,1.11833,1.11831,1000000,1000000
2015-03-03 00:34:02.470000,1.11834,1.11832,1000000,1000000
2015-03-03 00:34:02.522000,1.11835,1.11834,1100000,1000000
2015-03-03 00:34:03.027000,1.11836,1.11834,1000000,1500000
2015-03-03 00:34:14.931000,1.11837,1.11835,1000000,1000000
2015-03-03 00:34:24.987000,1.11837,1.11834,2250000,1000000
2015-03-03 00:34:25.752000,1.11837,1.11835,2620000,1500000
2015-03-03 00:34:29.733000,1.11837,1.11835,1570000,1500000
2015-03-03 00:34:32.785000,1.11837,1.11835,3370000,1500000
2015-03-03 00:34:38.736000,1.11837,1.11835,2320000,1500000
2015-03-03 00:34:44.703000,1.11836,1.11835,1500000,2250000
2015-03-03 00:34:44.906000,1.11835,1.11833,2250000,2250000
2015-03-03 00:34:45.411000,1.11834,1.11833,1500000,1000000
2015-03-03 00:34:47.290000,1.11833,1.11832,1000000,1000000
2015-03-03 00:34:49.373000,1.11833,1.11832,1000000,1000000
2015-03-03 00:34:53.623000,1.11835,1.11833,2700000,1500000
2015-03-03 00:34:54.131000,1.11833,1.11831,1500000,1870000
2015-03-03 00:34:54.333000,1.11835,1.11833,1100000,1000000
2015-03-03 00:34:54.588000,1.11833,1.11831,1500000,1950000
2015-03-03 00:34:55.351000,1.11834,1.11832,1500000,1500000
2015-03-03 00:34:55.705000,1.11836,1.11834,3000000,1500000
2015-03-03 00:34:55.908000,1.11837,1.11836,1500000,1000000
2015-03-03 00:34:56.413000,1.11836,1.11834,1500000,1500000
2015-03-03 00:34:56.566000,1.11835,1.11834,1000000,1500000
2015-03-03 00:34:56.870000,1.11834,1.11832,1500000,1500000
2015-03-03 00:35:01.215000,1.11834,1.11833,1000000,1000000
2015-03-03 00:35:01.468000,1.11836,1.11834,1500000,1500000
2015-03-03 00:35:01.519000,1.11838,1.11835,2810000,1000000
2015-03-03 00:35:02.029000,1.11837,1.11835,1100000,1500000
2015-03-03 00:35:03.931000,1.11837,1.11836,1000000,1000000
2015-03-03 00:35:18.330000,1.11838,1.11837,1100000,1000000
2015-03-03 00:35:18.785000,1.11840,1.11839,1800000,1000000
2015-03-03 00:35:19.291000,1.11842,1.11840,2170000,1500000
2015-03-03 00:35:19.594000,1.11842,1.11840,1870000,2250000
2015-03-03 00:35:19.999000,1.11846,1.11844,1070000,1000000
2015-03-03 00:35:20.051000,1.11847,1.11846,3000000,1500000
2015-03-03 00:35:20.452000,1.11849,1.11847,1100000,1000000
2015-03-03 00:35:23.687000,1.11848,1.11846,1000000,1000000
2015-03-03 00:35:24.193000,1.11848,1.11846,1870000,1500000
2015-03-03 00:35:24.446000,1.11850,1.11847,5550000,1500000
2015-03-03 00:35:28.168000,1.11850,1.11848,2620000,1500000
2015-03-03 00:35:34.100000,1.11849,1.11847,1570000,2250000
2015-03-03 00:35:39.597000,1.11847,1.11846,1000000,1000000
2015-03-03 00:35:39.900000,1.11845,1.11844,1500000,1000000
2015-03-03 00:35:40.054000,1.11844,1.11842,1500000,4500000
2015-03-03 00:35:40.307000,1.11842,1.11840,1500000,3000000
2015-03-03 00:35:40.813000,1.11841,1.11840,1500000,1000000
2015-03-03 00:35:45.576000,1.11841,1.11839,1000000,1500000
2015-03-03 00:35:46.124000,1.11841,1.11840,1000000,1000000
2015-03-03 00:35:58.943000,1.11843,1.11841,1500000,1500000
2015-03-03 00:35:59.655000,1.11843,1.11842,1500000,1000000
2015-03-03 00:36:00.161000,1.11845,1.11843,1950000,2250000
2015-03-03 00:36:03.816000,1.11847,1.11844,1800000,1000000
2015-03-03 00:36:04.069000,1.11848,1.11847,1500000,1000000
2015-03-03 00:36:04.574000,1.11848,1.11846,1500000,1500000
2015-03-03 00:36:05.124000,1.11848,1.11847,1500000,1000000
2015-03-03 00:36:16.411000,1.11850,1.11848,3070000,1000000
2015-03-03 00:36:16.512000,1.11850,1.11848,3820000,2250000
2015-03-03 00:36:28.841000,1.11850,1.11848,4120000,1500000
2015-03-03 00:36:32.808000,1.11850,1.11848,1570000,1500000
2015-03-03 00:36:33.692000,1.11850,1.11848,4500000,1500000
2015-03-03 00:36:36.963000,1.11849,1.11847,1570000,1500000
2015-03-03 00:36:50.946000,1.11848,1.11847,1000000,1500000
2015-03-03 00:36:51.098000,1.11846,1.11845,1120000,1500000
2015-03-03 00:36:51.250000,1.11845,1.11842,7690000,2320000
2015-03-03 00:36:51.755000,1.11845,1.11843,3820000,1000000
2015-03-03 00:36:52.059000,1.11843,1.11841,1500000,2250000
2015-03-03 00:36:52.161000,1.11845,1.11843,1100000,1500000
2015-03-03 00:36:52.262000,1.11845,1.11844,1200000,1500000
2015-03-03 00:36:52.363000,1.11847,1.11845,1050000,1500000
2015-03-03 00:36:52.466000,1.11848,1.11846,1010000,1000000
2015-03-03 00:36:56.709000,1.11849,1.11848,1000000,1000000
2015-03-03 00:36:57.218000,1.11849,1.11848,1500000,1000000
2015-03-03 00:37:00.486000,1.11849,1.11847,1500000,1500000
2015-03-03 00:37:00.840000,1.11850,1.11848,2250000,2250000
2015-03-03 00:37:00.891000,1.11851,1.11849,3000000,1000000
2015-03-03 00:37:01.398000,1.11849,1.11848,1500000,1000000
2015-03-03 00:37:02.877000,1.11849,1.11848,2250000,1000000
2015-03-03 00:37:08.537000,1.11850,1.11848,3370000,2250000
2015-03-03 00:37:09.041000,1.11851,1.11849,2440000,1000000
2015-03-03 00:37:11.134000,1.11850,1.11849,1000000,1000000
2015-03-03 00:37:11.438000,1.11849,1.11847,2250000,2250000
2015-03-03 00:37:16.974000,1.11850,1.11848,3370000,1000000
2015-03-03 00:37:17.328000,1.11851,1.11849,2810000,3000000
2015-03-03 00:37:19.390000,1.11851,1.11850,1120000,1000000
2015-03-03 00:37:19.895000,1.11854,1.11851,2360000,2500000
2015-03-03 00:37:20.439000,1.11852,1.11851,1570000,1000000
2015-03-03 00:37:20.787000,1.11852,1.11851,1570000,1000000
2015-03-03 00:37:20.888000,1.11850,1.11849,2620000,3000000
2015-03-03 00:37:22.269000,1.11851,1.11849,1870000,2250000
2015-03-03 00:37:22.783000,1.11852,1.11850,1760000,1500000
2015-03-03 00:37:27.213000,1.11851,1.11848,1000000,2250000
2015-03-03 00:37:27.265000,1.11850,1.11848,1000000,1500000
2015-03-03 00:37:27.772000,1.11849,1.11847,1000000,1500000
2015-03-03 00:37:47.553000,1.11848,1.11846,1000000,1000000
2015-03-03 00:37:56.884000,1.11848,1.11847,1000000,1000000
2015-03-03 00:37:57.436000,1.11849,1.11847,1100000,1000000
2015-03-03 00:37:57.893000,1.11847,1.11846,1000000,1000000
2015-03-03 00:37:58.399000,1.11848,1.11846,1000000,1500000
2015-03-03 00:38:00.425000,1.11847,1.11846,1000000,1000000
2015-03-03 00:38:00.930000,1.11848,1.11846,1500000,2250000
2015-03-03 00:38:03.151000,1.11848,1.11847,1500000,1000000
2015-03-03 00:38:05.701000,1.11849,1.11847,1500000,2250000
2015-03-03 00:38:06.222000,1.11849,1.11848,1500000,1000000
2015-03-03 00:38:08.423000,1.11849,1.11847,1500000,2250000
2015-03-03 00:38:09.943000,1.11849,1.11848,1500000,1000000
2015-03-03 00:38:10.453000,1.11851,1.11849,1950000,1500000
2015-03-03 00:38:10.756000,1.11854,1.11850,6190000,1000000
2015-03-03 00:38:11.261000,1.11851,1.11849,1500000,3000000
2015-03-03 00:38:12.248000,1.11850,1.11848,1500000,1500000
2015-03-03 00:38:53.390000,1.11849,1.11847,1500000,1500000
2015-03-03 00:38:57.352000,1.11848,1.11846,1500000,3000000
2015-03-03 00:39:00.008000,1.11848,1.11847,1500000,1000000
2015-03-03 00:39:10.244000,1.11847,1.11844,1000000,2920000
2015-03-03 00:39:10.349000,1.11841,1.11839,2810000,9000000
2015-03-03 00:39:10.605000,1.11839,1.11837,1500000,3450000
2015-03-03 00:39:11.118000,1.11838,1.11836,1500000,2360000
2015-03-03 00:39:11.629000,1.11837,1.11835,1500000,2840000
2015-03-03 00:39:12.160000,1.11837,1.11835,1500000,2250000
2015-03-03 00:39:16.613000,1.11837,1.11836,1500000,1000000
2015-03-03 00:39:17.269000,1.11837,1.11835,1500000,2320000
2015-03-03 00:39:20.112000,1.11837,1.11835,2500000,2320000
2015-03-03 00:39:20.164000,1.11834,1.11833,2250000,1250000
2015-03-03 00:39:20.266000,1.11830,1.11829,1500000,3000000
2015-03-03 00:39:20.368000,1.11828,1.11826,1500000,2620000
2015-03-03 00:39:20.875000,1.11827,1.11826,1500000,1000000
2015-03-03 00:39:21.405000,1.11827,1.11825,1500000,2250000
2015-03-03 00:39:25.172000,1.11825,1.11823,1500000,6640000
2015-03-03 00:39:25.477000,1.11822,1.11821,1500000,1000000
2015-03-03 00:39:25.679000,1.11821,1.11819,1500000,1570000
2015-03-03 00:39:26.185000,1.11820,1.11818,1500000,1500000
2015-03-03 00:39:30.481000,1.11822,1.11820,2320000,1500000
2015-03-03 00:39:30.986000,1.11823,1.11821,1100000,1500000
2015-03-03 00:39:31.365000,1.11827,1.11825,1800000,2500000
2015-03-03 00:39:31.468000,1.11827,1.11826,1500000,1000000
2015-03-03 00:39:33.466000,1.11830,1.11827,11810000,1000000
2015-03-03 00:39:33.971000,1.11829,1.11826,1500000,1000000
2015-03-03 00:39:40.142000,1.11827,1.11825,1500000,2320000
2015-03-03 00:39:43.485000,1.11827,1.11826,1000000,1000000
2015-03-03 00:39:43.536000,1.11829,1.11827,1500000,1000000
2015-03-03 00:39:54.904000,1.11828,1.11827,1000000,1000000
2015-03-03 00:39:55.507000,1.11828,1.11826,1500000,1500000
2015-03-03 00:39:58.604000,1.11827,1.11825,1870000,1570000
2015-03-03 00:39:58.756000,1.11825,1.11824,1000000,1500000
2015-03-03 00:39:58.857000,1.11824,1.11822,1500000,2320000
2015-03-03 00:39:59.365000,1.11823,1.11821,1570000,1500000
2015-03-03 00:40:00.669000,1.11823,1.11820,2620000,1050000
2015-03-03 00:40:01.125000,1.11821,1.11819,1500000,1420000
2015-03-03 00:40:01.176000,1.11819,1.11817,1500000,3670000
2015-03-03 00:40:01.378000,1.11822,1.11820,2250000,1000000
2015-03-03 00:40:01.631000,1.11820,1.11818,1000000,1100000
2015-03-03 00:40:02.036000,1.11819,1.11817,2250000,2320000
2015-03-03 00:40:02.541000,1.11818,1.11816,2250000,2320000
2015-03-03 00:40:17.075000,1.11819,1.11817,1500000,1000000
2015-03-03 00:40:17.598000,1.11818,1.11816,1500000,2250000
2015-03-03 00:40:20.569000,1.11818,1.11817,1000000,1000000
2015-03-03 00:40:21.074000,1.11819,1.11817,1500000,1500000
2015-03-03 00:40:24.971000,1.11818,1.11817,1000000,1000000
2015-03-03 00:40:25.488000,1.11818,1.11816,1500000,2250000
2015-03-03 00:40:27.139000,1.11818,1.11817,1500000,1000000
2015-03-03 00:40:27.644000,1.11819,1.11818,1000000,1000000
2015-03-03 00:40:28.168000,1.11820,1.11818,4200000,1000000
2015-03-03 00:40:30.294000,1.11819,1.11818,1000000,1500000
2015-03-03 00:40:31.098000,1.11820,1.11818,4870000,1500000
2015-03-03 00:40:31.630000,1.11819,1.11818,1000000,1500000
2015-03-03 00:40:32.540000,1.11819,1.11817,2620000,1000000
2015-03-03 00:40:33.077000,1.11817,1.11816,1000000,1000000
2015-03-03 00:40:34.421000,1.11817,1.11816,1000000,2250000
2015-03-03 00:40:34.472000,1.11817,1.11816,1000000,2250000
2015-03-03 00:40:34.978000,1.11815,1.11814,1870000,1390000
2015-03-03 00:40:37.650000,1.11815,1.11814,1870000,1100000
2015-03-03 00:40:54.856000,1.11817,1.11816,1500000,1000000
2015-03-03 00:41:02.312000,1.11816,1.11814,1500000,1420000
2015-03-03 00:41:02.414000,1.11814,1.11813,2250000,2250000
2015-03-03 00:41:02.920000,1.11814,1.11812,1000000,1420000
2015-03-03 00:41:03.323000,1.11815,1.11814,3000000,2620000
2015-03-03 00:41:03.829000,1.11814,1.11813,1500000,1000000
2015-03-03 00:41:04.334000,1.11814,1.11812,3000000,1500000
2015-03-03 00:41:04.435000,1.11814,1.11813,3000000,1870000
2015-03-03 00:41:04.486000,1.11814,1.11813,1500000,3370000
2015-03-03 00:41:04.537000,1.11816,1.11813,1050000,5620000
2015-03-03 00:41:04.638000,1.11816,1.11814,1500000,3000000
2015-03-03 00:41:05.143000,1.11815,1.11814,1000000,1500000
2015-03-03 00:41:11.734000,1.11816,1.11815,1000000,1000000
2015-03-03 00:41:11.886000,1.11818,1.11815,3750000,1500000
2015-03-03 00:41:12.090000,1.11816,1.11815,1000000,1100000
2015-03-03 00:41:12.901000,1.11816,1.11813,1500000,4050000
2015-03-03 00:41:13.876000,1.11815,1.11813,2250000,6000000
2015-03-03 00:41:16.539000,1.11813,1.11812,4500000,4050000
2015-03-03 00:41:16.640000,1.11810,1.11809,1500000,1870000
2015-03-03 00:41:17.095000,1.11810,1.11808,1000000,1570000
2015-03-03 00:41:17.550000,1.11808,1.11806,1870000,1570000
2015-03-03 00:41:18.089000,1.11808,1.11807,1000000,1500000
2015-03-03 00:41:18.608000,1.11809,1.11807,2250000,1500000
2015-03-03 00:41:19.112000,1.11808,1.11806,1500000,2320000
2015-03-03 00:41:27.146000,1.11809,1.11806,1000000,3750000
2015-03-03 00:41:28.360000,1.11808,1.11806,2250000,1870000
2015-03-03 00:41:29.129000,1.11808,1.11806,2250000,1570000
2015-03-03 00:41:44.357000,1.11808,1.11807,1000000,1000000
2015-03-03 00:41:44.895000,1.11809,1.11807,1500000,1500000
2015-03-03 00:41:56.491000,1.11807,1.11805,1000000,6940000
2015-03-03 00:41:56.542000,1.11807,1.11805,1500000,6940000
2015-03-03 00:41:57.738000,1.11807,1.11806,1500000,1000000
2015-03-03 00:42:05.980000,1.11808,1.11806,1500000,2620000
2015-03-03 00:42:21.658000,1.11806,1.11804,1500000,2810000
2015-03-03 00:42:22.164000,1.11804,1.11802,1500000,2510000
2015-03-03 00:42:22.367000,1.11806,1.11804,1570000,2250000
2015-03-03 00:42:22.418000,1.11807,1.11805,1050000,1000000
2015-03-03 00:42:24.002000,1.11807,1.11806,1500000,1000000
2015-03-03 00:42:26.152000,1.11807,1.11805,1500000,3820000
2015-03-03 00:42:28.115000,1.11810,1.11807,8320000,1000000
2015-03-03 00:42:28.628000,1.11807,1.11806,1500000,1000000
2015-03-03 00:42:30.471000,1.11806,1.11804,1000000,5170000
2015-03-03 00:42:30.995000,1.11806,1.11805,1500000,1870000
2015-03-03 00:42:31.506000,1.11808,1.11806,1100000,1000000
2015-03-03 00:42:36.392000,1.11808,1.11807,1100000,1000000
2015-03-03 00:42:37.444000,1.11808,1.11807,2250000,1000000
2015-03-03 00:42:39.729000,1.11811,1.11810,11250000,1000000
2015-03-03 00:42:40.129000,1.11812,1.11811,1000000,1000000
2015-03-03 00:42:40.646000,1.11812,1.11810,1000000,1000000
2015-03-03 00:42:41.252000,1.11810,1.11808,1500000,3750000
2015-03-03 00:42:42.078000,1.11810,1.11809,1500000,1000000
2015-03-03 00:42:42.632000,1.11810,1.11807,1500000,2250000
2015-03-03 00:42:45.426000,1.11810,1.11808,1500000,1000000
2015-03-03 00:42:52.210000,1.11809,1.11807,1500000,2250000
2015-03-03 00:43:17.333000,1.11808,1.11807,1000000,1000000
2015-03-03 00:43:17.844000,1.11808,1.11806,1500000,2700000
2015-03-03 00:43:18.356000,1.11808,1.11806,1500000,3000000
2015-03-03 00:43:37.956000,1.11809,1.11807,1500000,1570000
2015-03-03 00:43:38.775000,1.11808,1.11806,1000000,3000000
2015-03-03 00:43:48.011000,1.11810,1.11808,1000000,1500000
2015-03-03 00:43:50.934000,1.11810,1.11809,1000000,1000000
2015-03-03 00:43:51.440000,1.11811,1.11809,1500000,1500000
2015-03-03 00:43:52.940000,1.11811,1.11810,1000000,1000000
2015-03-03 00:43:53.445000,1.11812,1.11810,1500000,2250000
2015-03-03 00:43:57.687000,1.11812,1.11811,1000000,1000000
2015-03-03 00:43:58.192000,1.11813,1.11811,1570000,1500000
2015-03-03 00:43:58.647000,1.11814,1.11812,2740000,1000000
2015-03-03 00:43:58.951000,1.11820,1.11818,1950000,1000000
2015-03-03 00:43:59.406000,1.11822,1.11820,2320000,1000000
2015-03-03 00:44:00.626000,1.11821,1.11820,1000000,1000000
2015-03-03 00:44:01.289000,1.11821,1.11819,1000000,1500000
2015-03-03 00:44:03.726000,1.11822,1.11820,1500000,1000000
2015-03-03 00:44:04.249000,1.11822,1.11821,1500000,1000000
2015-03-03 00:44:12.508000,1.11824,1.11822,2250000,1000000
2015-03-03 00:44:12.712000,1.11824,1.11823,2250000,1000000
2015-03-03 00:44:13.117000,1.11826,1.11824,1000000,1500000
2015-03-03 00:44:13.420000,1.11826,1.11825,1000000,1000000
2015-03-03 00:44:14.051000,1.11827,1.11825,1500000,2250000
2015-03-03 00:44:14.614000,1.11828,1.11827,1500000,1000000
2015-03-03 00:44:15.127000,1.11828,1.11826,1500000,6070000
2015-03-03 00:44:24.182000,1.11828,1.11826,1500000,3070000
2015-03-03 00:44:25.602000,1.11830,1.11828,3220000,1000000
2015-03-03 00:44:34.915000,1.11829,1.11827,1000000,1000000
2015-03-03 00:44:41.644000,1.11829,1.11827,1000000,1000000
2015-03-03 00:44:51.997000,1.11830,1.11828,3450000,1000000
2015-03-03 00:44:55.956000,1.11828,1.11826,1500000,2320000
2015-03-03 00:44:57.797000,1.11830,1.11828,3450000,1000000
2015-03-03 00:44:58.201000,1.11828,1.11826,1500000,2320000
2015-03-03 00:45:00.115000,1.11830,1.11826,1300000,3750000
2015-03-03 00:45:02.106000,1.11831,1.11829,8100000,1000000
2015-03-03 00:45:10.169000,1.11830,1.11828,4570000,1570000
2015-03-03 00:45:23.793000,1.11832,1.11831,2250000,1000000
2015-03-03 00:45:24.110000,1.11834,1.11832,3000000,1500000
2015-03-03 00:45:24.518000,1.11832,1.11830,1000000,2550000
2015-03-03 00:45:24.722000,1.11833,1.11831,1500000,1100000
2015-03-03 00:45:26.864000,1.11833,1.11832,1000000,1000000
2015-03-03 00:45:27.379000,1.11834,1.11832,1000000,1500000
2015-03-03 00:45:30.404000,1.11832,1.11831,1500000,1100000
2015-03-03 00:45:30.924000,1.11832,1.11830,1500000,2250000
2015-03-03 00:45:36.927000,1.11833,1.11831,1500000,1000000
2015-03-03 00:45:37.780000,1.11833,1.11832,1000000,1000000
2015-03-03 00:45:38.285000,1.11833,1.11831,1000000,1500000
2015-03-03 00:45:39.957000,1.11832,1.11830,1500000,1570000
2015-03-03 00:45:57.895000,1.11832,1.11831,1000000,1000000
2015-03-03 00:45:58.542000,1.11833,1.11831,3000000,1500000
2015-03-03 00:46:04.903000,1.11832,1.11831,1000000,1000000
2015-03-03 00:46:05.665000,1.11832,1.11830,1500000,1570000
2015-03-03 00:46:07.215000,1.11832,1.11831,1000000,1000000
2015-03-03 00:46:07.756000,1.11833,1.11831,2250000,1500000
2015-03-03 00:46:10.363000,1.11835,1.11833,5700000,1500000
2015-03-03 00:46:10.767000,1.11837,1.11835,1050000,1500000
2015-03-03 00:46:10.970000,1.11838,1.11837,1500000,1000000
2015-03-03 00:46:11.487000,1.11840,1.11836,2700000,3000000
2015-03-03 00:46:12.620000,1.11838,1.11836,1500000,2620000
2015-03-03 00:46:12.977000,1.11836,1.11835,1000000,1800000
2015-03-03 00:46:13.281000,1.11835,1.11834,1000000,1000000
2015-03-03 00:46:13.484000,1.11832,1.11831,1000000,1000000
2015-03-03 00:46:14.685000,1.11832,1.11830,1000000,1000000
2015-03-03 00:46:16.876000,1.11833,1.11831,2250000,1000000
2015-03-03 00:46:20.566000,1.11833,1.11832,1000000,1000000
2015-03-03 00:46:20.718000,1.11835,1.11833,8620000,1000000
2015-03-03 00:46:21.275000,1.11835,1.11834,1000000,1000000
2015-03-03 00:46:21.629000,1.11837,1.11835,2250000,1500000
2015-03-03 00:46:21.781000,1.11838,1.11836,1120000,1500000
2015-03-03 00:46:22.189000,1.11840,1.11839,2250000,1000000
2015-03-03 00:46:22.644000,1.11839,1.11837,1500000,1570000
2015-03-03 00:46:24.170000,1.11839,1.11838,1500000,1000000
2015-03-03 00:46:32.354000,1.11840,1.11838,1870000,1000000
2015-03-03 00:46:40.442000,1.11841,1.11839,1500000,2250000
2015-03-03 00:46:42.452000,1.11841,1.11840,1500000,1000000
2015-03-03 00:46:43.029000,1.11841,1.11839,2250000,2250000
2015-03-03 00:46:45.956000,1.11840,1.11839,1000000,1000000
2015-03-03 00:46:51.949000,1.11841,1.11839,1500000,2250000
2015-03-03 00:46:52.808000,1.11841,1.11840,1000000,1000000
2015-03-03 00:46:53.326000,1.11842,1.11840,2250000,1500000
2015-03-03 00:46:58.937000,1.11841,1.11840,1500000,1000000
2015-03-03 00:47:02.925000,1.11841,1.11839,1500000,1500000
2015-03-03 00:47:05.399000,1.11840,1.11839,1000000,1000000
2015-03-03 00:47:05.907000,1.11840,1.11838,1500000,1500000
2015-03-03 00:47:11.701000,1.11840,1.11839,1000000,1000000
2015-03-03 00:47:12.207000,1.11840,1.11838,1000000,2440000
2015-03-03 00:47:12.257000,1.11841,1.11840,1000000,1000000
2015-03-03 00:47:12.712000,1.11840,1.11838,1000000,1010000
2015-03-03 00:47:13.218000,1.11840,1.11838,1500000,1010000
2015-03-03 00:47:18,1.11840,1.11838,1500000,2250000
2015-03-03 00:47:29.467000,1.11840,1.11838,1000000,1500000
2015-03-03 00:47:31.284000,1.11839,1.11837,1500000,2320000
2015-03-03 00:47:31.837000,1.11839,1.11837,1500000,2620000
2015-03-03 00:47:32.699000,1.11839,1.11837,2250000,2250000
2015-03-03 00:47:33.845000,1.11839,1.11836,2620000,1250000
2015-03-03 00:47:34.866000,1.11838,1.11837,1000000,2250000
2015-03-03 00:47:35.405000,1.11839,1.11837,1870000,2250000
2015-03-03 00:47:40.562000,1.11835,1.11834,3750000,10050000
2015-03-03 00:47:41.076000,1.11834,1.11833,1500000,1500000
2015-03-03 00:48:15.390000,1.11834,1.11832,1000000,1000000
2015-03-03 00:48:15.492000,1.11833,1.11831,2250000,2620000
2015-03-03 00:48:15.695000,1.11831,1.11830,1500000,1000000
2015-03-03 00:48:15.796000,1.11830,1.11829,1000000,1010000
2015-03-03 00:48:15.948000,1.11832,1.11831,1000000,1000000
2015-03-03 00:48:16,1.11832,1.11831,1000000,1000000
2015-03-03 00:48:16.505000,1.11833,1.11831,2250000,1500000
2015-03-03 00:48:16.850000,1.11834,1.11832,2320000,1000000
2015-03-03 00:48:16.902000,1.11838,1.11837,1500000,1000000
2015-03-03 00:48:17.410000,1.11839,1.11837,1000000,1000000
2015-03-03 00:48:20.241000,1.11840,1.11839,1000000,1000000
2015-03-03 00:48:20.780000,1.11841,1.11840,1500000,1000000
2015-03-03 00:48:22.012000,1.11842,1.11840,1000000,1500000
2015-03-03 00:48:22.720000,1.11842,1.11841,1000000,1000000
2015-03-03 00:48:23.369000,1.11843,1.11841,2320000,1500000
2015-03-03 00:48:42.917000,1.11842,1.11841,1000000,1000000
2015-03-03 00:48:43.423000,1.11842,1.11840,1500000,3000000
2015-03-03 00:48:50.652000,1.11841,1.11840,1000000,1500000
2015-03-03 00:48:51.157000,1.11841,1.11839,1500000,1500000
2015-03-03 00:48:51.461000,1.11843,1.11841,2320000,1000000
2015-03-03 00:49:00.014000,1.11843,1.11841,2620000,1000000
2015-03-03 00:49:00.570000,1.11843,1.11841,2320000,1000000
2015-03-03 00:49:14.481000,1.11845,1.11843,9370000,6250000
2015-03-03 00:49:14.533000,1.11848,1.11846,4870000,1500000
2015-03-03 00:49:14.584000,1.11850,1.11847,9000000,1000000
2015-03-03 00:49:15.089000,1.11850,1.11848,2620000,1500000
2015-03-03 00:49:15.242000,1.11851,1.11849,1100000,1000000
2015-03-03 00:49:15.788000,1.11852,1.11850,2320000,1500000
2015-03-03 00:49:27.247000,1.11851,1.11850,1000000,1500000
2015-03-03 00:49:31.095000,1.11852,1.11850,2250000,2500000
2015-03-03 00:49:31.197000,1.11854,1.11851,4120000,1000000
2015-03-03 00:49:31.702000,1.11852,1.11850,1500000,2320000
2015-03-03 00:49:34.509000,1.11851,1.11849,1000000,2170000
2015-03-03 00:49:34.561000,1.11853,1.11851,3000000,1000000
2015-03-03 00:49:36.904000,1.11852,1.11851,1000000,1000000
2015-03-03 00:49:37.423000,1.11852,1.11850,1500000,1500000
2015-03-03 00:49:41.179000,1.11852,1.11851,1500000,1000000
2015-03-03 00:49:41.749000,1.11852,1.11850,1500000,2250000
2015-03-03 00:49:43.966000,1.11852,1.11850,1500000,2250000
2015-03-03 00:49:44.219000,1.11852,1.11850,1500000,3370000
2015-03-03 00:49:44.939000,1.11852,1.11850,1000000,1870000
2015-03-03 00:50:00.647000,1.11851,1.11849,1000000,1570000
2015-03-03 00:50:07.202000,1.11850,1.11849,1000000,1000000
2015-03-03 00:50:07.303000,1.11849,1.11847,1000000,2550000
2015-03-03 00:50:07.921000,1.11850,1.11848,1500000,1100000
2015-03-03 00:50:15.341000,1.11852,1.11851,2250000,1000000
2015-03-03 00:50:15.392000,1.11852,1.11851,1000000,1500000
2015-03-03 00:50:15.897000,1.11854,1.11852,1690000,1000000
2015-03-03 00:50:19.956000,1.11854,1.11852,1050000,1000000
2015-03-03 00:50:36.300000,1.11855,1.11853,9300000,1500000
2015-03-03 00:50:40.056000,1.11855,1.11853,7200000,2500000
2015-03-03 00:50:40.360000,1.11857,1.11855,2620000,1500000
2015-03-03 00:50:40.614000,1.11858,1.11856,3750000,1500000
2015-03-03 00:50:41.119000,1.11857,1.11855,1870000,1870000
2015-03-03 00:51:03.188000,1.11856,1.11855,1000000,1050000
2015-03-03 00:51:03.441000,1.11854,1.11852,1500000,1500000
2015-03-03 00:51:07.133000,1.11852,1.11850,1500000,2400000
2015-03-03 00:51:27.967000,1.11853,1.11851,1500000,1500000
2015-03-03 00:51:43.335000,1.11853,1.11851,1870000,1500000
2015-03-03 00:51:45.295000,1.11853,1.11851,1500000,1500000
2015-03-03 00:51:50.597000,1.11855,1.11853,5620000,1500000
2015-03-03 00:51:51.209000,1.11854,1.11853,1000000,1500000
2015-03-03 00:51:53.944000,1.11854,1.11852,2250000,2250000
2015-03-03 00:51:55.132000,1.11854,1.11852,2620000,1500000
2015-03-03 00:52:06.188000,1.11853,1.11851,1870000,1100000
2015-03-03 00:52:06.340000,1.11851,1.11849,3000000,2340000
2015-03-03 00:52:06.846000,1.11853,1.11851,1370000,1000000
2015-03-03 00:52:08.185000,1.11852,1.11850,1000000,1220000
2015-03-03 00:52:08.237000,1.11848,1.11846,8250000,1960000
2015-03-03 00:52:08.340000,1.11843,1.11841,1370000,3750000
2015-03-03 00:52:08.492000,1.11843,1.11841,3000000,3750000
2015-03-03 00:52:08.989000,1.11845,1.11843,4500000,1000000
2015-03-03 00:52:12.569000,1.11842,1.11839,3750000,2320000
2015-03-03 00:52:12.772000,1.11840,1.11838,2250000,3000000
2015-03-03 00:52:12.974000,1.11841,1.11840,3000000,1000000
2015-03-03 00:52:13.481000,1.11841,1.11840,1500000,1000000
2015-03-03 00:52:15.498000,1.11843,1.11841,1870000,1000000
2015-03-03 00:52:17.158000,1.11842,1.11840,1870000,2250000
2015-03-03 00:52:23.110000,1.11841,1.11839,1870000,3070000
2015-03-03 00:52:36.002000,1.11839,1.11837,1500000,2620000
2015-03-03 00:52:36.306000,1.11832,1.11831,1690000,3000000
2015-03-03 00:52:36.407000,1.11830,1.11828,1500000,3000000
2015-03-03 00:52:36.912000,1.11829,1.11827,1500000,1570000
2015-03-03 00:52:56.901000,1.11829,1.11828,1000000,1000000
2015-03-03 00:52:57.445000,1.11830,1.11828,2250000,1500000
2015-03-03 00:53:12.143000,1.11829,1.11828,1000000,1000000
2015-03-03 00:53:12.648000,1.11829,1.11827,1500000,2250000
2015-03-03 00:53:15.877000,1.11829,1.11826,1500000,1100000
2015-03-03 00:53:16.382000,1.11829,1.11827,1000000,1500000
2015-03-03 00:53:16.979000,1.11828,1.11826,1370000,1000000
2015-03-03 00:53:17.487000,1.11828,1.11826,3370000,2250000
2015-03-03 00:53:42.418000,1.11826,1.11825,1000000,2320000
2015-03-03 00:53:42.722000,1.11820,1.11818,5620000,2320000
2015-03-03 00:53:42.924000,1.11819,1.11817,3750000,1050000
2015-03-03 00:53:43.027000,1.11820,1.11816,3940000,1500000
2015-03-03 00:53:43.078000,1.11820,1.11816,3940000,1100000
2015-03-03 00:53:43.230000,1.11820,1.11816,4310000,1100000
2015-03-03 00:53:46.370000,1.11821,1.11820,1500000,1000000
2015-03-03 00:53:46.472000,1.11823,1.11821,1000000,1000000
2015-03-03 00:53:46.575000,1.11824,1.11823,1000000,1000000
2015-03-03 00:53:46.677000,1.11826,1.11824,1870000,1000000
2015-03-03 00:53:46.778000,1.11827,1.11825,1120000,1950000
2015-03-03 00:53:53.608000,1.11829,1.11825,2250000,1570000
2015-03-03 00:53:54.184000,1.11829,1.11825,1000000,2620000
2015-03-03 00:53:54.235000,1.11829,1.11827,1000000,3000000
2015-03-03 00:53:54.440000,1.11835,1.11833,6000000,4500000
2015-03-03 00:53:54.491000,1.11835,1.11833,3000000,5250000
2015-03-03 00:53:54.542000,1.11836,1.11835,1100000,1500000
2015-03-03 00:53:54.694000,1.11838,1.11836,2250000,1500000
2015-03-03 00:53:55.150000,1.11837,1.11834,1500000,3450000
2015-03-03 00:53:55.656000,1.11836,1.11834,1500000,2620000
2015-03-03 00:53:57.962000,1.11837,1.11835,1500000,1570000
2015-03-03 00:54:03.133000,1.11837,1.11835,2620000,1500000
2015-03-03 00:54:03.235000,1.11832,1.11830,1870000,10120000
2015-03-03 00:54:03.742000,1.11830,1.11828,1500000,2620000
2015-03-03 00:54:04.415000,1.11830,1.11828,1500000,1050000
2015-03-03 00:54:09.566000,1.11830,1.11828,1500000,1500000
2015-03-03 00:54:10.130000,1.11829,1.11828,1000000,1000000
2015-03-03 00:54:10.639000,1.11829,1.11827,1500000,1570000
2015-03-03 00:54:14.924000,1.11829,1.11828,1000000,1000000
2015-03-03 00:54:15.430000,1.11830,1.11828,1500000,1500000
2015-03-03 00:54:32.677000,1.11829,1.11826,1500000,2620000
2015-03-03 00:54:32.780000,1.11828,1.11826,2620000,2320000
2015-03-03 00:54:45.059000,1.11828,1.11826,2250000,2320000
2015-03-03 00:54:52.892000,1.11828,1.11827,1000000,1000000
2015-03-03 00:54:53.094000,1.11830,1.11828,2620000,1500000
2015-03-03 00:55:00.382000,1.11830,1.11828,3560000,2250000
2015-03-03 00:55:00.536000,1.11827,1.11825,1000000,1500000
2015-03-03 00:55:00.640000,1.11826,1.11824,1830000,2770000
2015-03-03 00:55:00.792000,1.11828,1.11826,2320000,1000000
2015-03-03 00:55:00.843000,1.11828,1.11826,2320000,1500000
2015-03-03 00:55:01.459000,1.11827,1.11825,1000000,1100000
2015-03-03 00:55:01.562000,1.11828,1.11826,3490000,1500000
2015-03-03 00:55:01.613000,1.11826,1.11824,1500000,2620000
2015-03-03 00:55:01.717000,1.11828,1.11826,1570000,1500000
2015-03-03 00:55:02.223000,1.11828,1.11826,1500000,1870000
2015-03-03 00:55:02.729000,1.11829,1.11827,1500000,2320000
2015-03-03 00:55:07.753000,1.11830,1.11828,3000000,1500000
2015-03-03 00:55:08.749000,1.11829,1.11827,1500000,1500000
2015-03-03 00:55:24.380000,1.11829,1.11827,1500000,3070000
2015-03-03 00:55:24.583000,1.11831,1.11830,1500000,1000000
2015-03-03 00:55:25.106000,1.11833,1.11830,2440000,1120000
2015-03-03 00:55:25.404000,1.11831,1.11829,1500000,2250000
2015-03-03 00:55:29.770000,1.11831,1.11830,1500000,1000000
2015-03-03 00:55:30.500000,1.11832,1.11830,1500000,2320000
2015-03-03 00:55:34.348000,1.11831,1.11830,1000000,2320000
2015-03-03 00:55:34.399000,1.11829,1.11827,1000000,3820000
2015-03-03 00:55:34.905000,1.11829,1.11827,1000000,3000000
2015-03-03 00:55:35.410000,1.11829,1.11827,1000000,2700000
2015-03-03 00:55:36.873000,1.11829,1.11827,1000000,3450000
2015-03-03 00:55:37.380000,1.11831,1.11829,1000000,1100000
2015-03-03 00:55:37.883000,1.11831,1.11830,1000000,1000000
2015-03-03 00:55:38.389000,1.11832,1.11831,1500000,1000000
2015-03-03 00:55:38.894000,1.11833,1.11831,1250000,1000000
2015-03-03 00:55:39.529000,1.11832,1.11831,1500000,1000000
2015-03-03 00:55:39.898000,1.11830,1.11828,1500000,3750000
2015-03-03 00:55:40.404000,1.11830,1.11828,1500000,2320000
2015-03-03 00:55:40.758000,1.11832,1.11830,1500000,1000000
2015-03-03 00:55:42.625000,1.11831,1.11829,1500000,2250000
2015-03-03 00:55:45.712000,1.11831,1.11830,3000000,1000000
2015-03-03 00:55:46.218000,1.11832,1.11830,2250000,1500000
2015-03-03 00:55:46.723000,1.11831,1.11829,1500000,2250000
2015-03-03 00:55:47.782000,1.11831,1.11830,1000000,1000000
2015-03-03 00:55:48.352000,1.11831,1.11829,1500000,2250000
2015-03-03 00:55:53.227000,1.11832,1.11830,2440000,1500000
2015-03-03 00:55:53.751000,1.11831,1.11829,2250000,2250000
2015-03-03 00:55:54.617000,1.11832,1.11830,2250000,1500000
2015-03-03 00:55:57.015000,1.11831,1.11829,1500000,2250000
2015-03-03 00:56:01.443000,1.11832,1.11830,1000000,1000000
2015-03-03 00:56:01.950000,1.11833,1.11832,1000000,1000000
2015-03-03 00:56:02.052000,1.11835,1.11834,2170000,1500000
2015-03-03 00:56:02.255000,1.11838,1.11837,1500000,1000000
2015-03-03 00:56:02.771000,1.11839,1.11837,2250000,1000000
2015-03-03 00:56:11.944000,1.11839,1.11837,3000000,1000000
2015-03-03 00:56:13.538000,1.11840,1.11838,4690000,1500000
2015-03-03 00:56:14.459000,1.11839,1.11838,1000000,1500000
2015-03-03 00:56:15.282000,1.11839,1.11838,1000000,1500000
2015-03-03 00:56:25.703000,1.11837,1.11836,1000000,1570000
2015-03-03 00:56:25.754000,1.11837,1.11836,2250000,1100000
2015-03-03 00:56:25.856000,1.11837,1.11836,2250000,1000000
2015-03-03 00:56:26.361000,1.11838,1.11837,1000000,1500000
2015-03-03 00:56:26.865000,1.11839,1.11837,2620000,1500000
2015-03-03 00:56:27.523000,1.11838,1.11837,1000000,1500000
2015-03-03 00:56:30.784000,1.11838,1.11835,1370000,1570000
2015-03-03 00:56:38.480000,1.11837,1.11835,1120000,1570000
2015-03-03 00:56:41.394000,1.11836,1.11835,1000000,1570000
2015-03-03 00:56:42.181000,1.11833,1.11831,1500000,3750000
2015-03-03 00:56:42.235000,1.11830,1.11828,3750000,1570000
2015-03-03 00:56:42.739000,1.11829,1.11827,1500000,2320000
2015-03-03 00:56:43.950000,1.11829,1.11828,1000000,1000000
2015-03-03 00:56:44.456000,1.11830,1.11828,1500000,1500000
2015-03-03 00:56:45.945000,1.11829,1.11828,1000000,1000000
2015-03-03 00:56:46.451000,1.11829,1.11827,1500000,2320000
2015-03-03 00:56:48.696000,1.11830,1.11829,1000000,1120000
2015-03-03 00:56:48.797000,1.11831,1.11829,1000000,3750000
2015-03-03 00:56:49.465000,1.11830,1.11828,1500000,1500000
2015-03-03 00:57:00.986000,1.11829,1.11827,1500000,2620000
2015-03-03 00:57:07.139000,1.11829,1.11827,1500000,2320000
2015-03-03 00:57:07.644000,1.11828,1.11826,1500000,2620000
2015-03-03 00:57:08.150000,1.11828,1.11826,1500000,1050000
2015-03-03 00:57:13.328000,1.11829,1.11827,2250000,2320000
2015-03-03 00:57:13.846000,1.11829,1.11828,1000000,1500000
2015-03-03 00:57:14.416000,1.11830,1.11828,3370000,2250000
2015-03-03 00:57:19.493000,1.11829,1.11828,1000000,1500000
2015-03-03 00:57:20.049000,1.11830,1.11828,2620000,2250000
2015-03-03 00:57:23.178000,1.11829,1.11828,1000000,1000000
2015-03-03 00:57:23.683000,1.11829,1.11827,2250000,1500000
2015-03-03 00:57:45.173000,1.11829,1.11827,2620000,1500000
2015-03-03 00:57:46.202000,1.11829,1.11827,1500000,1500000
2015-03-03 00:58:00.204000,1.11829,1.11827,2620000,1500000
2015-03-03 00:58:00.993000,1.11829,1.11827,2250000,1500000
2015-03-03 00:58:05.029000,1.11829,1.11828,1500000,1000000
2015-03-03 00:58:05.080000,1.11829,1.11828,1000000,1000000
2015-03-03 00:58:05.131000,1.11831,1.11829,1200000,1500000
2015-03-03 00:58:05.637000,1.11831,1.11829,1000000,1500000
2015-03-03 00:58:06.139000,1.11831,1.11830,1000000,1000000
2015-03-03 00:58:09.909000,1.11831,1.11829,1000000,1500000
2015-03-03 00:58:10.966000,1.11831,1.11830,2250000,1000000
2015-03-03 00:58:11.614000,1.11832,1.11830,1000000,1000000
2015-03-03 00:58:13.762000,1.11832,1.11831,1000000,1500000
2015-03-03 00:58:14.015000,1.11832,1.11831,1000000,1500000
2015-03-03 00:58:14.217000,1.11836,1.11834,1500000,1000000
2015-03-03 00:58:14.724000,1.11838,1.11836,3070000,2250000
2015-03-03 00:58:15.233000,1.11838,1.11836,2620000,2500000
2015-03-03 00:58:16.378000,1.11838,1.11837,3000000,1000000
2015-03-03 00:58:17.123000,1.11839,1.11838,1000000,1000000
2015-03-03 00:58:17.174000,1.11840,1.11838,4690000,1500000
2015-03-03 00:58:19.327000,1.11839,1.11838,2250000,1500000
2015-03-03 00:58:19.378000,1.11837,1.11835,1500000,1120000
2015-03-03 00:58:19.580000,1.11838,1.11836,2250000,2250000
2015-03-03 00:58:19.681000,1.11837,1.11834,1000000,1870000
2015-03-03 00:58:20.036000,1.11838,1.11836,1570000,2250000
2015-03-03 00:58:22.341000,1.11838,1.11837,1500000,1000000
2015-03-03 00:58:23.745000,1.11838,1.11836,2250000,1500000
2015-03-03 00:58:24.433000,1.11839,1.11837,1000000,1000000
2015-03-03 00:58:25.197000,1.11839,1.11838,1500000,1000000
2015-03-03 00:58:26.159000,1.11839,1.11837,1500000,2250000
2015-03-03 00:58:27.582000,1.11838,1.11837,1000000,2250000
2015-03-03 00:58:27.886000,1.11834,1.11832,1500000,1870000
2015-03-03 00:58:28.038000,1.11834,1.11832,2250000,1570000
2015-03-03 00:58:28.243000,1.11835,1.11833,3820000,1000000
2015-03-03 00:58:44.987000,1.11834,1.11832,2320000,1500000
2015-03-03 00:58:45.720000,1.11834,1.11832,2320000,1500000
2015-03-03 00:58:45.822000,1.11832,1.11831,1870000,1000000
2015-03-03 00:58:46.327000,1.11832,1.11830,1570000,1500000
2015-03-03 00:58:48.559000,1.11832,1.11831,1570000,1000000
2015-03-03 00:58:50.249000,1.11832,1.11830,1570000,1500000
2015-03-03 00:58:50.754000,1.11832,1.11831,1500000,1000000
2015-03-03 00:58:52.135000,1.11832,1.11830,1500000,2250000
2015-03-03 00:58:52.642000,1.11832,1.11831,1500000,1000000
2015-03-03 00:58:54.123000,1.11832,1.11830,1500000,2250000
2015-03-03 00:58:54.628000,1.11832,1.11831,1500000,1000000
2015-03-03 00:58:55.139000,1.11833,1.11831,1570000,2250000
2015-03-03 00:59:03.749000,1.11832,1.11831,1000000,1500000
2015-03-03 00:59:03.901000,1.11831,1.11829,3750000,3000000
2015-03-03 00:59:03.951000,1.11830,1.11828,1000000,1000000
2015-03-03 00:59:04.004000,1.11829,1.11827,1500000,3000000
2015-03-03 00:59:04.256000,1.11831,1.11829,3370000,1500000
2015-03-03 00:59:04.762000,1.11830,1.11828,2620000,1500000
2015-03-03 00:59:07.334000,1.11829,1.11828,1000000,1500000
2015-03-03 00:59:07.588000,1.11827,1.11825,2620000,2250000
2015-03-03 00:59:08.094000,1.11828,1.11826,1000000,2250000
2015-03-03 00:59:19.625000,1.11828,1.11826,1370000,1500000
2015-03-03 00:59:20.165000,1.11828,1.11826,1000000,1500000
2015-03-03 00:59:21.944000,1.11828,1.11827,1000000,1000000
2015-03-03 00:59:22.462000,1.11829,1.11827,1500000,2250000
2015-03-03 00:59:25.050000,1.11829,1.11828,1000000,1000000
2015-03-03 00:59:25.597000,1.11830,1.11828,2620000,1500000
2015-03-03 00:59:29.542000,1.11829,1.11827,1500000,1500000
2015-03-03 00:59:32.368000,1.11830,1.11828,2620000,1000000
2015-03-03 00:59:33.019000,1.11829,1.11827,1000000,1500000
2015-03-03 00:59:40.249000,1.11828,1.11827,1500000,1000000
2015-03-03 00:59:41.634000,1.11828,1.11826,1500000,2320000
2015-03-03 00:59:55.223000,1.11827,1.11826,1000000,1100000
2015-03-03 00:59:55.324000,1.11826,1.11824,1500000,1050000
2015-03-03 00:59:55.832000,1.11825,1.11823,8440000,2500000
2015-03-03 00:59:57.286000,1.11825,1.11823,8250000,1500000
2015-03-03 01:00:00.791000,1.11826,1.11824,1000000,1000000
2015-03-03 01:00:00.843000,1.11827,1.11825,6260000,1500000
2015-03-03 01:00:01.350000,1.11827,1.11826,1000000,1500000
2015-03-03 01:00:02.110000,1.11828,1.11826,3750000,1500000
2015-03-03 01:00:12.857000,1.11828,1.11827,2250000,1000000
2015-03-03 01:00:12.958000,1.11826,1.11823,1500000,7610000
2015-03-03 01:00:13.469000,1.11825,1.11824,1500000,1000000
2015-03-03 01:00:13.978000,1.11825,1.11823,1500000,2250000
2015-03-03 01:00:14.286000,1.11827,1.11824,3260000,1000000
2015-03-03 01:00:14.439000,1.11827,1.11825,2250000,2250000
2015-03-03 01:00:16.629000,1.11826,1.11823,1000000,1870000
2015-03-03 01:00:18.061000,1.11825,1.11824,2250000,1000000
2015-03-03 01:00:23.991000,1.11827,1.11824,4760000,1000000
2015-03-03 01:00:28.055000,1.11823,1.11821,1000000,1610000
2015-03-03 01:00:28.777000,1.11824,1.11822,1500000,1570000
2015-03-03 01:00:31.902000,1.11825,1.11823,1000000,1000000
2015-03-03 01:00:38.705000,1.11823,1.11822,1500000,1000000
2015-03-03 01:00:39.008000,1.11820,1.11819,1500000,1000000
2015-03-03 01:00:39.514000,1.11821,1.11819,2250000,1500000
2015-03-03 01:00:40.020000,1.11820,1.11818,1500000,2250000
2015-03-03 01:00:50.790000,1.11822,1.11820,4570000,1500000
2015-03-03 01:00:52.961000,1.11821,1.11820,1000000,1000000
2015-03-03 01:00:53.481000,1.11821,1.11819,1000000,1000000
2015-03-03 01:00:57.186000,1.11822,1.11820,1500000,1000000
2015-03-03 01:01:11.039000,1.11820,1.11818,1000000,1500000
2015-03-03 01:01:14.721000,1.11819,1.11818,1000000,1000000
2015-03-03 01:01:15.025000,1.11818,1.11816,1500000,3000000
2015-03-03 01:01:19.631000,1.11816,1.11814,1500000,2620000
2015-03-03 01:01:19.784000,1.11815,1.11813,5250000,2320000
2015-03-03 01:01:19.835000,1.11814,1.11811,1500000,3670000
2015-03-03 01:01:20.038000,1.11815,1.11813,3000000,1500000
2015-03-03 01:01:20.141000,1.11817,1.11815,2550000,1500000
2015-03-03 01:01:20.394000,1.11818,1.11816,1500000,2250000
2015-03-03 01:01:20.445000,1.11820,1.11818,2250000,1500000
2015-03-03 01:01:25.175000,1.11821,1.11818,3070000,1000000
2015-03-03 01:01:31.256000,1.11822,1.11819,2810000,1000000
2015-03-03 01:01:31.763000,1.11822,1.11820,1570000,1500000
2015-03-03 01:01:32.240000,1.11825,1.11823,3750000,1500000
2015-03-03 01:01:32.745000,1.11824,1.11823,1000000,1500000
2015-03-03 01:01:34.502000,1.11825,1.11823,2320000,1500000
2015-03-03 01:01:35.123000,1.11824,1.11823,1000000,1500000
2015-03-03 01:01:35.634000,1.11825,1.11823,3070000,1500000
2015-03-03 01:01:37.672000,1.11824,1.11823,1000000,1500000
2015-03-03 01:01:38.077000,1.11826,1.11825,1500000,1000000
2015-03-03 01:01:38.381000,1.11828,1.11827,1000000,1500000
2015-03-03 01:01:39.051000,1.11829,1.11827,3000000,1500000
2015-03-03 01:01:44.463000,1.11828,1.11827,1000000,1500000
2015-03-03 01:01:46.220000,1.11827,1.11825,1000000,1570000
2015-03-03 01:01:46.726000,1.11826,1.11825,1500000,1500000
2015-03-03 01:01:47.232000,1.11828,1.11825,1570000,1500000
2015-03-03 01:01:47.739000,1.11829,1.11827,3560000,1500000
2015-03-03 01:01:48.277000,1.11828,1.11827,1000000,1500000
2015-03-03 01:01:52.402000,1.11829,1.11827,3750000,1500000
2015-03-03 01:01:55.207000,1.11829,1.11827,4120000,1500000
2015-03-03 01:02:10.213000,1.11827,1.11826,1000000,1000000
2015-03-03 01:02:10.764000,1.11827,1.11826,1000000,1500000
2015-03-03 01:02:24.943000,1.11826,1.11823,1000000,7570000
2015-03-03 01:02:30.156000,1.11826,1.11825,1000000,1100000
2015-03-03 01:02:30.459000,1.11829,1.11827,5890000,1500000
2015-03-03 01:02:44.432000,1.11828,1.11827,1000000,1500000
2015-03-03 01:02:44.938000,1.11828,1.11826,3000000,1500000
2015-03-03 01:03:01.070000,1.11826,1.11823,1000000,9190000
2015-03-03 01:03:02.427000,1.11828,1.11826,3000000,1500000
2015-03-03 01:03:30.258000,1.11827,1.11825,1500000,1500000
2015-03-03 01:03:31.239000,1.11827,1.11826,1500000,1000000
2015-03-03 01:03:31.756000,1.11828,1.11826,2250000,1500000
2015-03-03 01:03:46.511000,1.11827,1.11824,1000000,1870000
2015-03-03 01:03:47.017000,1.11826,1.11824,1000000,2250000
2015-03-03 01:03:49.360000,1.11828,1.11824,4690000,2620000
2015-03-03 01:03:49.562000,1.11828,1.11827,1500000,1120000
2015-03-03 01:03:49.814000,1.11830,1.11828,1500000,1500000
2015-03-03 01:03:56.879000,1.11829,1.11828,1000000,1000000
2015-03-03 01:03:57.464000,1.11829,1.11827,1500000,2620000
2015-03-03 01:04:37.803000,1.11828,1.11827,1000000,1000000
2015-03-03 01:04:38.315000,1.11828,1.11826,1500000,2700000
2015-03-03 01:04:42.238000,1.11828,1.11826,1500000,2700000
2015-03-03 01:04:46.139000,1.11830,1.11828,1460000,1000000
2015-03-03 01:04:46.191000,1.11830,1.11829,1000000,1000000
2015-03-03 01:04:48.121000,1.11831,1.11829,3040000,1000000
2015-03-03 01:04:48.624000,1.11831,1.11829,3040000,1000000
2015-03-03 01:04:50.240000,1.11831,1.11829,3040000,1000000
2015-03-03 01:04:50.990000,1.11831,1.11829,3040000,1000000
2015-03-03 01:04:52.817000,1.11831,1.11829,1100000,1000000
2015-03-03 01:04:53.328000,1.11831,1.11829,1100000,1500000
2015-03-03 01:05:07.022000,1.11832,1.11830,4570000,1500000
2015-03-03 01:05:09.390000,1.11832,1.11829,4120000,1500000
2015-03-03 01:05:13.919000,1.11832,1.11830,2250000,1500000
2015-03-03 01:05:22.785000,1.11833,1.11831,1100000,1000000
2015-03-03 01:05:23.039000,1.11834,1.11833,2320000,1000000
2015-03-03 01:05:23.545000,1.11834,1.11832,1500000,1500000
2015-03-03 01:05:35.492000,1.11833,1.11832,1000000,1000000
2015-03-03 01:05:36.004000,1.11833,1.11831,1500000,1500000
2015-03-03 01:05:48.798000,1.11833,1.11831,1500000,1870000
2015-03-03 01:05:49.325000,1.11834,1.11832,1500000,1870000
2015-03-03 01:05:49.630000,1.11835,1.11834,5250000,3370000
2015-03-03 01:05:49.835000,1.11838,1.11836,2250000,1500000
2015-03-03 01:05:53.223000,1.11837,1.11836,1000000,1570000
2015-03-03 01:06:06.219000,1.11838,1.11836,1500000,1570000
2015-03-03 01:06:07.346000,1.11839,1.11838,1000000,1500000
2015-03-03 01:06:27.452000,1.11840,1.11838,4090000,1000000
2015-03-03 01:06:37.186000,1.11841,1.11839,3710000,1500000
2015-03-03 01:06:37.494000,1.11844,1.11842,2700000,2250000
2015-03-03 01:06:37.747000,1.11848,1.11846,2620000,1500000
2015-03-03 01:06:37.798000,1.11849,1.11847,1760000,1500000
2015-03-03 01:06:38.001000,1.11850,1.11848,4950000,1500000
2015-03-03 01:06:51.057000,1.11851,1.11848,3260000,3750000
2015-03-03 01:06:51.108000,1.11851,1.11850,2510000,6370000
2015-03-03 01:06:51.311000,1.11853,1.11851,1000000,1000000
2015-03-03 01:06:52.523000,1.11853,1.11851,1500000,1000000
2015-03-03 01:06:54.928000,1.11852,1.11849,1870000,1500000
2015-03-03 01:07:15.047000,1.11850,1.11848,2250000,1500000
2015-03-03 01:07:17.155000,1.11849,1.11847,1000000,1570000
2015-03-03 01:07:26.928000,1.11847,1.11844,1000000,4120000
2015-03-03 01:07:27.227000,1.11842,1.11841,1500000,1000000
2015-03-03 01:07:27.733000,1.11840,1.11839,1000000,1000000
2015-03-03 01:07:28.238000,1.11840,1.11839,1000000,1500000
2015-03-03 01:07:29.033000,1.11841,1.11839,2250000,1500000
2015-03-03 01:07:29.935000,1.11841,1.11840,1500000,1000000
2015-03-03 01:07:37.834000,1.11841,1.11839,1500000,1000000
2015-03-03 01:07:38.339000,1.11842,1.11840,1500000,1500000
2015-03-03 01:07:42.574000,1.11841,1.11840,1000000,1500000
2015-03-03 01:07:46.924000,1.11841,1.11839,2250000,1500000
2015-03-03 01:07:47.641000,1.11840,1.11837,1000000,4500000
2015-03-03 01:07:48.149000,1.11840,1.11838,2170000,1000000
2015-03-03 01:08:02.823000,1.11840,1.11838,1350000,1000000
2015-03-03 01:08:15.662000,1.11841,1.11839,2250000,1500000
2015-03-03 01:08:18.805000,1.11842,1.11839,1500000,1000000
2015-03-03 01:08:19.010000,1.11848,1.11847,4120000,1500000
2015-03-03 01:08:19.314000,1.11850,1.11849,1500000,1000000
2015-03-03 01:08:19.819000,1.11851,1.11850,1000000,1000000
2015-03-03 01:08:20.657000,1.11850,1.11847,1000000,5250000
2015-03-03 01:08:23.267000,1.11852,1.11850,3000000,1500000
2015-03-03 01:08:23.773000,1.11852,1.11849,4120000,1500000
2015-03-03 01:09:02.413000,1.11852,1.11850,2320000,1500000
2015-03-03 01:09:02.724000,1.11853,1.11851,1050000,1000000
2015-03-03 01:09:02.927000,1.11854,1.11852,1570000,1870000
2015-03-03 01:09:03.443000,1.11854,1.11852,1570000,1870000
2015-03-03 01:09:22.947000,1.11854,1.11853,1100000,1000000
2015-03-03 01:09:28.351000,1.11855,1.11853,6520000,1500000
2015-03-03 01:09:29.363000,1.11854,1.11853,1000000,1500000
2015-03-03 01:09:34.865000,1.11853,1.11850,1000000,4500000
2015-03-03 01:09:35.129000,1.11855,1.11853,6750000,1500000
2015-03-03 01:09:37.772000,1.11856,1.11853,1500000,4870000
2015-03-03 01:09:39.793000,1.11857,1.11853,1000000,5060000
2015-03-03 01:09:41.800000,1.11857,1.11856,1000000,1000000
2015-03-03 01:09:41.852000,1.11857,1.11856,1000000,1500000
2015-03-03 01:09:42.367000,1.11858,1.11856,1500000,1500000
2015-03-03 01:09:43.128000,1.11857,1.11856,1000000,1500000
2015-03-03 01:09:43.693000,1.11858,1.11856,2250000,1500000
2015-03-03 01:09:45.911000,1.11857,1.11856,1000000,1000000
2015-03-03 01:09:46.447000,1.11857,1.11855,1500000,2320000
2015-03-03 01:09:56.952000,1.11855,1.11853,1000000,5250000
2015-03-03 01:09:57.256000,1.11850,1.11848,2250000,3750000
2015-03-03 01:10:02.956000,1.11849,1.11847,1000000,1000000
2015-03-03 01:10:15.050000,1.11848,1.11847,1000000,1100000
2015-03-03 01:10:15.786000,1.11849,1.11847,1500000,1100000
2015-03-03 01:10:22.599000,1.11848,1.11847,1000000,1100000
2015-03-03 01:10:22.650000,1.11847,1.11846,2250000,1800000
2015-03-03 01:10:22.802000,1.11843,1.11842,1500000,1000000
2015-03-03 01:10:22.854000,1.11843,1.11841,1500000,3300000
2015-03-03 01:10:22.905000,1.11841,1.11840,2250000,1000000
2015-03-03 01:10:23.435000,1.11841,1.11839,1500000,1870000
2015-03-03 01:10:23.949000,1.11840,1.11838,1500000,1870000
2015-03-03 01:10:24.463000,1.11841,1.11840,1500000,1000000
2015-03-03 01:10:25.292000,1.11843,1.11841,1000000,1500000
2015-03-03 01:10:25.394000,1.11844,1.11842,3000000,1870000
2015-03-03 01:10:25.496000,1.11846,1.11844,2250000,2620000
2015-03-03 01:10:26.001000,1.11846,1.11844,1500000,3000000
2015-03-03 01:10:27.241000,1.11847,1.11845,1500000,1570000
2015-03-03 01:10:33.281000,1.11847,1.11845,2500000,2320000
2015-03-03 01:10:33.836000,1.11847,1.11845,2250000,2320000
2015-03-03 01:10:38.482000,1.11850,1.11845,10460000,3000000
2015-03-03 01:10:41.995000,1.11847,1.11845,2250000,1570000
2015-03-03 01:10:43.943000,1.11847,1.11846,1000000,1500000
2015-03-03 01:10:53.444000,1.11847,1.11844,1000000,2060000
2015-03-03 01:11:01.812000,1.11847,1.11846,1000000,1500000
2015-03-03 01:11:29.621000,1.11848,1.11846,2250000,1570000
2015-03-03 01:11:44.946000,1.11847,1.11845,1000000,1870000
2015-03-03 01:11:56.986000,1.11848,1.11846,2250000,1570000
2015-03-03 01:12:07.460000,1.11848,1.11847,1500000,1000000
2015-03-03 01:12:07.966000,1.11849,1.11847,1000000,1000000
2015-03-03 01:12:13.899000,1.11849,1.11846,1500000,2620000
2015-03-03 01:12:14.413000,1.11849,1.11846,5250000,1570000
2015-03-03 01:12:15.933000,1.11849,1.11846,1500000,2620000
2015-03-03 01:12:24.140000,1.11848,1.11846,1500000,1570000
2015-03-03 01:12:27.539000,1.11848,1.11847,1000000,1000000
2015-03-03 01:12:28.061000,1.11849,1.11847,1500000,1570000
2015-03-03 01:12:29.334000,1.11849,1.11848,1000000,1000000
2015-03-03 01:12:29.854000,1.11849,1.11847,1000000,1100000
2015-03-03 01:12:37.050000,1.11848,1.11847,1000000,1100000
2015-03-03 01:12:37.202000,1.11846,1.11843,1000000,6370000
2015-03-03 01:12:37.355000,1.11844,1.11842,1500000,3000000
2015-03-03 01:12:37.406000,1.11845,1.11843,2250000,1000000
2015-03-03 01:12:37.457000,1.11846,1.11844,2250000,1500000
2015-03-03 01:12:37.609000,1.11844,1.11842,1000000,4200000
2015-03-03 01:12:38.115000,1.11843,1.11841,1500000,3370000
2015-03-03 01:12:55.555000,1.11845,1.11841,1200000,5250000
2015-03-03 01:12:55.657000,1.11845,1.11843,1500000,1870000
2015-03-03 01:13:00.186000,1.11844,1.11843,1000000,1870000
2015-03-03 01:13:00.389000,1.11843,1.11841,1000000,1050000
2015-03-03 01:13:00.592000,1.11841,1.11840,1000000,1570000
2015-03-03 01:13:01.097000,1.11841,1.11839,3000000,1500000
2015-03-03 01:13:01.630000,1.11840,1.11839,1240000,1500000
2015-03-03 01:13:06.125000,1.11841,1.11839,3750000,1500000
2015-03-03 01:13:12.791000,1.11840,1.11839,1000000,1500000
2015-03-03 01:13:12.892000,1.11839,1.11837,1500000,1570000
2015-03-03 01:13:12.943000,1.11838,1.11836,1500000,1050000
2015-03-03 01:13:14.092000,1.11837,1.11835,1500000,2620000
2015-03-03 01:13:21.548000,1.11839,1.11838,2250000,1120000
2015-03-03 01:13:21.600000,1.11839,1.11838,1000000,4120000
2015-03-03 01:13:22.106000,1.11840,1.11838,1500000,2250000
2015-03-03 01:13:22.611000,1.11839,1.11837,3000000,1570000
2015-03-03 01:13:25.224000,1.11838,1.11837,1000000,1100000
2015-03-03 01:13:45.956000,1.11838,1.11835,1000000,3670000
2015-03-03 01:13:51.945000,1.11838,1.11836,1500000,1870000
2015-03-03 01:14:51.958000,1.11839,1.11836,1000000,1120000
2015-03-03 01:14:59.951000,1.11839,1.11838,1000000,1000000
2015-03-03 01:15:00.456000,1.11840,1.11838,2250000,1500000
2015-03-03 01:15:20.168000,1.11839,1.11837,1000000,1100000
2015-03-03 01:15:38.963000,1.11840,1.11838,1990000,1500000
2015-03-03 01:15:44.944000,1.11839,1.11838,1000000,1000000
2015-03-03 01:15:45.475000,1.11839,1.11837,1500000,1570000
2015-03-03 01:15:46.506000,1.11838,1.11837,1000000,1570000
2015-03-03 01:15:56.109000,1.11838,1.11836,3000000,2250000
2015-03-03 01:16:20.298000,1.11837,1.11836,1500000,1000000
2015-03-03 01:16:20.501000,1.11833,1.11832,1000000,7200000
2015-03-03 01:16:20.653000,1.11832,1.11831,1000000,1870000
2015-03-03 01:16:21.158000,1.11832,1.11830,3000000,1000000
2015-03-03 01:16:23.223000,1.11831,1.11829,1000000,1000000
2015-03-03 01:16:23.730000,1.11831,1.11829,1500000,1500000
2015-03-03 01:16:25.977000,1.11832,1.11831,1500000,1120000
2015-03-03 01:16:26.281000,1.11837,1.11835,2250000,1500000
2015-03-03 01:16:26.787000,1.11838,1.11836,2250000,1500000
2015-03-03 01:16:31.841000,1.11840,1.11838,2700000,4750000
2015-03-03 01:16:31.943000,1.11845,1.11843,9560000,1120000
2015-03-03 01:16:32.045000,1.11845,1.11844,3370000,1000000
2015-03-03 01:16:32.197000,1.11848,1.11846,3450000,1500000
2015-03-03 01:16:32.702000,1.11848,1.11847,1500000,1000000
2015-03-03 01:16:43.234000,1.11848,1.11846,1500000,2250000
2015-03-03 01:16:44.573000,1.11847,1.11845,1000000,1950000
2015-03-03 01:16:44.726000,1.11846,1.11844,3000000,3000000
2015-03-03 01:16:44.979000,1.11847,1.11845,1100000,1000000
2015-03-03 01:16:45.530000,1.11847,1.11845,1500000,1120000
2015-03-03 01:16:45.977000,1.11844,1.11843,2620000,1000000
2015-03-03 01:16:46.179000,1.11840,1.11838,1500000,1870000
2015-03-03 01:16:46.785000,1.11841,1.11839,1500000,1000000
2015-03-03 01:16:56.410000,1.11841,1.11840,1000000,1000000
2015-03-03 01:16:56.918000,1.11842,1.11841,1570000,2250000
2015-03-03 01:16:56.969000,1.11845,1.11844,5250000,1500000
2015-03-03 01:16:57.274000,1.11845,1.11844,1000000,3000000
2015-03-03 01:16:57.375000,1.11849,1.11847,2250000,1500000
2015-03-03 01:17:07.021000,1.11848,1.11845,1000000,3000000
2015-03-03 01:17:07.528000,1.11847,1.11845,1500000,2700000
2015-03-03 01:17:21.418000,1.11847,1.11845,2500000,1950000
2015-03-03 01:17:21.470000,1.11846,1.11845,3000000,1200000
2015-03-03 01:17:21.521000,1.11844,1.11842,1500000,6000000
2015-03-03 01:17:21.724000,1.11841,1.11839,1500000,3300000
2015-03-03 01:17:22.230000,1.11840,1.11838,1500000,2620000
2015-03-03 01:17:22.773000,1.11840,1.11838,1500000,2320000
2015-03-03 01:17:27.667000,1.11843,1.11841,4570000,1000000
2015-03-03 01:17:27.718000,1.11843,1.11841,3070000,2250000
2015-03-03 01:17:27.870000,1.11845,1.11843,4120000,1500000
2015-03-03 01:17:28.072000,1.11847,1.11844,1500000,2120000
2015-03-03 01:17:28.174000,1.11847,1.11845,2250000,1500000
2015-03-03 01:17:28.881000,1.11849,1.11845,1100000,2960000
2015-03-03 01:17:31.562000,1.11849,1.11847,2320000,1570000
2015-03-03 01:17:32.296000,1.11848,1.11846,1000000,1420000
2015-03-03 01:17:33.600000,1.11848,1.11846,1000000,1120000
2015-03-03 01:17:39.526000,1.11849,1.11846,1000000,2250000
2015-03-03 01:17:41.316000,1.11850,1.11846,2250000,1750000
2015-03-03 01:17:41.989000,1.11849,1.11847,1500000,2170000
2015-03-03 01:17:43.177000,1.11849,1.11847,1500000,1870000
2015-03-03 01:17:43.804000,1.11850,1.11847,2250000,2250000
2015-03-03 01:17:44.341000,1.11848,1.11846,1500000,1950000
2015-03-03 01:17:48.984000,1.11850,1.11846,2250000,2250000
2015-03-03 01:17:50.099000,1.11850,1.11846,2320000,2250000
2015-03-03 01:17:51.035000,1.11849,1.11847,1500000,1870000
2015-03-03 01:17:56.226000,1.11849,1.11847,1870000,1500000
2015-03-03 01:17:56.784000,1.11849,1.11847,1500000,1570000
2015-03-03 01:18:01.898000,1.11849,1.11848,1000000,1000000
2015-03-03 01:18:02.541000,1.11850,1.11848,1500000,1870000
2015-03-03 01:18:11.073000,1.11850,1.11848,1870000,1500000
2015-03-03 01:18:15.454000,1.11850,1.11846,1870000,4120000
2015-03-03 01:18:15.505000,1.11848,1.11846,1000000,2550000
2015-03-03 01:18:16.485000,1.11847,1.11846,1000000,1570000
2015-03-03 01:18:31.226000,1.11848,1.11847,1000000,1000000
2015-03-03 01:18:31.782000,1.11848,1.11847,1000000,1500000
2015-03-03 01:18:36.956000,1.11848,1.11845,1000000,2440000
2015-03-03 01:18:58.191000,1.11849,1.11847,1500000,1500000
2015-03-03 01:18:58.746000,1.11848,1.11845,1000000,1870000
2015-03-03 01:19:02.690000,1.11849,1.11847,2250000,1500000
2015-03-03 01:19:17.202000,1.11848,1.11845,1000000,3370000
2015-03-03 01:19:19.435000,1.11849,1.11847,2250000,1500000
2015-03-03 01:19:20.524000,1.11848,1.11847,1000000,1500000
2015-03-03 01:19:27.833000,1.11848,1.11845,1870000,2620000
2015-03-03 01:19:28.352000,1.11846,1.11845,1000000,1050000
2015-03-03 01:19:31.504000,1.11847,1.11845,1000000,1800000
2015-03-03 01:19:32.069000,1.11848,1.11845,1000000,2250000
2015-03-03 01:19:32.630000,1.11847,1.11845,1120000,2920000
2015-03-03 01:19:46.343000,1.11847,1.11845,1100000,3070000
2015-03-03 01:19:49.752000,1.11847,1.11845,1000000,3370000
2015-03-03 01:20:12.705000,1.11848,1.11845,1000000,1120000
2015-03-03 01:20:37.156000,1.11848,1.11846,2620000,1500000
2015-03-03 01:21:01.313000,1.11847,1.11844,1000000,2920000
2015-03-03 01:21:08.670000,1.11848,1.11846,4200000,1570000
2015-03-03 01:21:11.999000,1.11847,1.11844,1000000,2170000
2015-03-03 01:21:13.952000,1.11848,1.11846,2700000,1570000
2015-03-03 01:21:14.458000,1.11846,1.11844,2250000,2920000
2015-03-03 01:21:47.687000,1.11849,1.11845,4690000,3370000
2015-03-03 01:21:50.930000,1.11846,1.11844,2500000,2250000
2015-03-03 01:21:51.032000,1.11845,1.11844,1500000,1000000
2015-03-03 01:21:51.538000,1.11846,1.11844,2250000,1120000
2015-03-03 01:21:55.935000,1.11845,1.11843,5250000,4050000
2015-03-03 01:21:56.036000,1.11844,1.11842,2250000,1800000
2015-03-03 01:21:56.138000,1.11843,1.11841,2250000,2170000
2015-03-03 01:21:56.239000,1.11840,1.11838,1500000,4500000
2015-03-03 01:21:56.442000,1.11840,1.11838,1500000,2620000
2015-03-03 01:22:03.003000,1.11840,1.11838,2500000,3300000
2015-03-03 01:22:15.075000,1.11839,1.11838,1000000,1570000
2015-03-03 01:22:18.806000,1.11840,1.11838,1500000,1870000
2015-03-03 01:22:19.347000,1.11840,1.11838,2250000,1870000
2015-03-03 01:22:22.755000,1.11839,1.11838,1000000,1050000
2015-03-03 01:22:24.541000,1.11839,1.11837,2250000,2620000
2015-03-03 01:22:30.579000,1.11841,1.11837,1100000,3000000
2015-03-03 01:22:31.085000,1.11838,1.11836,1500000,3450000
2015-03-03 01:22:55.468000,1.11838,1.11837,1000000,1500000
2015-03-03 01:22:55.981000,1.11839,1.11837,1500000,1870000
2015-03-03 01:22:58.591000,1.11839,1.11837,1500000,1870000
2015-03-03 01:23:08.963000,1.11837,1.11836,1000000,1570000
2015-03-03 01:23:09.166000,1.11836,1.11834,1000000,3190000
2015-03-03 01:23:09.319000,1.11835,1.11834,4120000,1000000
2015-03-03 01:23:09.370000,1.11835,1.11834,4120000,1000000
2015-03-03 01:23:09.522000,1.11831,1.11829,1000000,4870000
2015-03-03 01:23:09.775000,1.11830,1.11828,2320000,2320000
2015-03-03 01:23:10.281000,1.11829,1.11828,1000000,1570000
2015-03-03 01:23:10.909000,1.11829,1.11827,2320000,1570000
2015-03-03 01:23:18.934000,1.11828,1.11827,1000000,1100000
2015-03-03 01:23:23.917000,1.11829,1.11826,1500000,3000000
2015-03-03 01:23:28.264000,1.11829,1.11827,2250000,1870000
2015-03-03 01:23:28.769000,1.11828,1.11826,1500000,3860000
2015-03-03 01:23:37.261000,1.11828,1.11826,1500000,1870000
2015-03-03 01:23:37.793000,1.11830,1.11826,4200000,2250000
2015-03-03 01:23:38.444000,1.11828,1.11826,2250000,1870000
2015-03-03 01:23:39.450000,1.11830,1.11826,4200000,2250000
2015-03-03 01:23:44.591000,1.11828,1.11826,2250000,1870000
2015-03-03 01:23:50.709000,1.11829,1.11827,2320000,1570000
2015-03-03 01:23:51.244000,1.11829,1.11827,2250000,1870000
2015-03-03 01:23:51.749000,1.11829,1.11827,3070000,1570000
2015-03-03 01:24:09.756000,1.11829,1.11827,2320000,1000000
2015-03-03 01:24:59.899000,1.11829,1.11826,1000000,2920000
2015-03-03 01:25:00.463000,1.11829,1.11828,1000000,1570000
