time,ask,bid,ask_volume,bid_volume
2016-05-22 21:00:34.127000,1.12100,1.12081,750000,750000
2016-05-22 21:00:39.233000,1.12137,1.12083,750000,750000
2016-05-22 21:00:44.148000,1.12144,1.12086,750000,750000
2016-05-22 21:00:48.234000,1.12149,1.12081,750000,750000
2016-05-22 21:00:52.160000,1.12143,1.12085,750000,750000
2016-05-22 21:00:55.821000,1.12143,1.12095,750000,750000
2016-05-22 21:00:59.943000,1.12142,1.12094,750000,750000
2016-05-22 21:01:13.289000,1.12148,1.12100,750000,750000
2016-05-22 21:02:22.833000,1.12146,1.12098,750000,750000
2016-05-22 21:02:26.411000,1.12149,1.12113,750000,750000
2016-05-22 21:02:26.727000,1.12144,1.12101,750000,750000
2016-05-22 21:02:31.828000,1.12147,1.12111,750000,750000
2016-05-22 21:02:31.911000,1.12143,1.12100,750000,750000
2016-05-22 21:02:38.527000,1.12146,1.12110,750000,750000
2016-05-22 21:02:38.758000,1.12142,1.12099,750000,750000
2016-05-22 21:02:42.435000,1.12146,1.12110,750000,750000
2016-05-22 21:03:15.837000,1.12145,1.12109,750000,1120000
2016-05-22 21:03:16.561000,1.12146,1.12110,750000,750000
2016-05-22 21:03:16.878000,1.12148,1.12112,750000,750000
2016-05-22 21:03:20.278000,1.12147,1.12112,750000,750000
2016-05-22 21:03:20.584000,1.12147,1.12119,750000,750000
2016-05-22 21:03:20.635000,1.12146,1.12110,750000,750000
2016-05-22 21:03:24.235000,1.12147,1.12119,750000,750000
2016-05-22 21:03:24.337000,1.12146,1.12110,750000,750000
2016-05-22 21:03:33.978000,1.12145,1.12109,750000,750000
2016-05-22 21:03:34.870000,1.12148,1.12112,1500000,750000
2016-05-22 21:03:37.181000,1.12145,1.12109,750000,750000
2016-05-22 21:03:41.750000,1.12147,1.12118,750000,750000
2016-05-22 21:03:41.852000,1.12144,1.12108,750000,750000
2016-05-22 21:03:43.784000,1.12143,1.12107,750000,750000
2016-05-22 21:03:53.415000,1.12142,1.12106,750000,750000
2016-05-22 21:03:57.972000,1.12145,1.12116,750000,750000
2016-05-22 21:04:01.281000,1.12144,1.12108,750000,750000
2016-05-22 21:04:07.486000,1.12140,1.12108,1190000,750000
2016-05-22 21:04:27.192000,1.12142,1.12117,1190000,750000
2016-05-22 21:04:42.398000,1.12142,1.12116,1190000,750000
2016-05-22 21:04:48.530000,1.12140,1.12106,1190000,750000
2016-05-22 21:05:11.087000,1.12143,1.12106,1190000,1750000
2016-05-22 21:05:11.391000,1.12143,1.12127,1190000,1000000
2016-05-22 21:05:49.389000,1.12143,1.12128,1190000,1000000
2016-05-22 21:05:50.051000,1.12139,1.12125,1190000,1000000
2016-05-22 21:05:50.153000,1.12135,1.12125,1190000,1500000
2016-05-22 21:05:55.067000,1.12135,1.12127,1190000,1000000
2016-05-22 21:07:11.914000,1.12135,1.12130,1190000,260000
2016-05-22 21:08:10.729000,1.12136,1.12130,1190000,260000
2016-05-22 21:08:18.715000,1.12135,1.12130,1190000,260000
2016-05-22 21:08:25.749000,1.12136,1.12130,1190000,260000
2016-05-22 21:08:33.714000,1.12135,1.12130,1190000,260000
2016-05-22 21:08:38.860000,1.12135,1.12131,1190000,1000000
2016-05-22 21:08:40.671000,1.12135,1.12132,1190000,1000000
2016-05-22 21:08:41.180000,1.12137,1.12133,1190000,1000000
2016-05-22 21:08:41.763000,1.12135,1.12132,1190000,1000000
2016-05-22 21:08:42.266000,1.12136,1.12133,1190000,1000000
2016-05-22 21:08:45.038000,1.12144,1.12133,1000000,1000000
2016-05-22 21:08:48.771000,1.12135,1.12131,1190000,1000000
2016-05-22 21:08:49.381000,1.12135,1.12130,1190000,1260000
2016-05-22 21:08:50.174000,1.12136,1.12133,1190000,1000000
2016-05-22 21:08:50.707000,1.12135,1.12132,1190000,1000000
2016-05-22 21:08:53.099000,1.12136,1.12133,1190000,1000000
2016-05-22 21:08:53.150000,1.12144,1.12133,1000000,1000000
2016-05-22 21:08:53.898000,1.12144,1.12132,1000000,1000000
2016-05-22 21:08:54.463000,1.12144,1.12133,1000000,1000000
2016-05-22 21:08:55.703000,1.12135,1.12131,940000,1500000
2016-05-22 21:08:56.313000,1.12138,1.12134,940000,1000000
2016-05-22 21:08:58.851000,1.12145,1.12134,1000000,1000000
2016-05-22 21:09:03.714000,1.12135,1.12131,940000,1500000
2016-05-22 21:09:05.554000,1.12135,1.12131,940000,1000000
2016-05-22 21:09:06.218000,1.12138,1.12133,940000,1000000
2016-05-22 21:09:06.795000,1.12145,1.12133,1000000,1000000
2016-05-22 21:09:07.322000,1.12145,1.12134,1000000,1000000
2016-05-22 21:09:10.737000,1.12135,1.12131,940000,1500000
2016-05-22 21:09:11.122000,1.12135,1.12131,940000,1000000
2016-05-22 21:09:16.236000,1.12135,1.12130,1190000,260000
2016-05-22 21:09:18.812000,1.12136,1.12130,1190000,260000
2016-05-22 21:09:19.143000,1.12136,1.12132,1190000,1000000
2016-05-22 21:09:25.708000,1.12135,1.12131,1190000,1000000
2016-05-22 21:09:28.715000,1.12143,1.12133,1000000,1000000
2016-05-22 21:09:34.263000,1.12143,1.12132,1000000,1000000
2016-05-22 21:09:36.968000,1.12143,1.12133,1000000,1000000
2016-05-22 21:09:40.798000,1.12135,1.12131,1190000,1000000
2016-05-22 21:09:43.859000,1.12143,1.12133,1000000,1000000
2016-05-22 21:09:48.715000,1.12135,1.12131,1190000,1000000
2016-05-22 21:09:49.257000,1.12135,1.12130,1190000,260000
2016-05-22 21:09:49.585000,1.12136,1.12133,1190000,1000000
2016-05-22 21:09:51.793000,1.12143,1.12133,1000000,1000000
2016-05-22 21:09:54.170000,1.12143,1.12132,1000000,1000000
2016-05-22 21:09:55.294000,1.12143,1.12133,1000000,1000000
2016-05-22 21:09:55.729000,1.12135,1.12131,1190000,1000000
2016-05-22 21:09:58.245000,1.12143,1.12133,1000000,1000000
2016-05-22 21:10:03.611000,1.12143,1.12132,1000000,1000000
2016-05-22 21:10:03.763000,1.12135,1.12131,1190000,1000000
2016-05-22 21:10:06.214000,1.12136,1.12133,1190000,1000000
2016-05-22 21:10:06.803000,1.12143,1.12133,1000000,1000000
2016-05-22 21:10:10.670000,1.12135,1.12131,1190000,1000000
2016-05-22 21:10:12.725000,1.12135,1.12130,1190000,1260000
2016-05-22 21:10:16.834000,1.12138,1.12131,1190000,1000000
2016-05-22 21:10:17.598000,1.12138,1.12130,1190000,2260000
2016-05-22 21:10:45.266000,1.12138,1.12131,1190000,1000000
2016-05-22 21:10:56.700000,1.12147,1.12134,1000000,1000000
2016-05-22 21:10:56.753000,1.12145,1.12134,1500000,1000000
2016-05-22 21:10:57.056000,1.12138,1.12130,1250000,260000
2016-05-22 21:11:01.982000,1.12142,1.12130,1000000,260000
2016-05-22 21:11:02.032000,1.12142,1.12133,1000000,1000000
2016-05-22 21:11:02.235000,1.12160,1.12133,1000000,1000000
2016-05-22 21:11:02.286000,1.12162,1.12133,1250000,1000000
2016-05-22 21:11:02.804000,1.12165,1.12134,1190000,1000000
2016-05-22 21:11:06.237000,1.12166,1.12137,1190000,1000000
2016-05-22 21:11:26.829000,1.12168,1.12143,1190000,750000
2016-05-22 21:11:34.265000,1.12168,1.12142,1190000,750000
2016-05-22 21:11:35.554000,1.12168,1.12144,1190000,1000000
2016-05-22 21:11:35.655000,1.12171,1.12147,1190000,1000000
2016-05-22 21:11:42.856000,1.12171,1.12141,1190000,1000000
2016-05-22 21:11:44.158000,1.12171,1.12138,1190000,1000000
2016-05-22 21:11:54.477000,1.12173,1.12138,1190000,1000000
2016-05-22 21:11:55.265000,1.12173,1.12137,1690000,1250000
2016-05-22 21:12:07.557000,1.12173,1.12139,1000000,1000000
2016-05-22 21:12:13.067000,1.12174,1.12139,1000000,1000000
2016-05-22 21:12:15.871000,1.12173,1.12139,1000000,1000000
2016-05-22 21:12:24.518000,1.12174,1.12139,1000000,1000000
2016-05-22 21:12:25.306000,1.12173,1.12139,1000000,1000000
2016-05-22 21:12:27.665000,1.12173,1.12142,1000000,1190000
2016-05-22 21:12:27.718000,1.12175,1.12142,1250000,1190000
2016-05-22 21:13:40.736000,1.12176,1.12140,1250000,1690000
2016-05-22 21:13:48.753000,1.12176,1.12140,1190000,1690000
2016-05-22 21:14:16.861000,1.12176,1.12145,1190000,1000000
2016-05-22 21:14:17.127000,1.12191,1.12160,1000000,1000000
2016-05-22 21:14:17.178000,1.12196,1.12160,1120000,1000000
2016-05-22 21:14:17.432000,1.12198,1.12160,1000000,1000000
2016-05-22 21:14:17.946000,1.12198,1.12159,1000000,1000000
2016-05-22 21:14:18.478000,1.12197,1.12159,1000000,1000000
2016-05-22 21:14:22.069000,1.12197,1.12157,1000000,1500000
2016-05-22 21:14:28.070000,1.12197,1.12159,1000000,1000000
2016-05-22 21:14:28.173000,1.12200,1.12159,3750000,1000000
2016-05-22 21:14:30.162000,1.12200,1.12159,2250000,1190000
2016-05-22 21:14:33.183000,1.12200,1.12167,1500000,1000000
2016-05-22 21:14:33.285000,1.12203,1.12167,1000000,1190000
2016-05-22 21:14:34.165000,1.12204,1.12167,1000000,1190000
2016-05-22 21:14:34.733000,1.12203,1.12167,1000000,1190000
2016-05-22 21:14:39.883000,1.12205,1.12167,3190000,1190000
2016-05-22 21:14:43.550000,1.12205,1.12177,2250000,190000
2016-05-22 21:14:44.076000,1.12209,1.12173,1690000,1190000
2016-05-22 21:14:50.711000,1.12209,1.12180,1190000,1000000
2016-05-22 21:14:50.812000,1.12214,1.12181,2250000,1190000
2016-05-22 21:14:51.318000,1.12219,1.12181,2440000,1190000
2016-05-22 21:14:56.913000,1.12220,1.12191,1190000,1000000
2016-05-22 21:14:57.216000,1.12220,1.12191,1190000,1190000
2016-05-22 21:15:00.620000,1.12217,1.12189,1000000,1190000
2016-05-22 21:15:00.721000,1.12217,1.12189,1190000,1000000
2016-05-22 21:15:00.976000,1.12216,1.12182,1190000,1500000
2016-05-22 21:15:01.318000,1.12214,1.12178,1190000,1000000
2016-05-22 21:15:01.521000,1.12213,1.12180,1250000,1000000
2016-05-22 21:15:01.858000,1.12208,1.12182,1190000,1000000
2016-05-22 21:15:02.801000,1.12208,1.12179,1690000,1000000
2016-05-22 21:15:04.722000,1.12200,1.12181,1250000,1000000
2016-05-22 21:15:14.496000,1.12199,1.12180,1000000,1000000
2016-05-22 21:15:29.129000,1.12200,1.12178,1000000,1000000
2016-05-22 21:15:29.231000,1.12200,1.12171,1690000,1000000
2016-05-22 21:15:31.335000,1.12198,1.12168,1000000,1120000
2016-05-22 21:15:31.538000,1.12198,1.12160,1000000,1000000
2016-05-22 21:15:39.156000,1.12192,1.12156,1000000,1000000
2016-05-22 21:15:39.461000,1.12189,1.12154,1190000,1000000
2016-05-22 21:15:43.701000,1.12187,1.12154,1260000,1000000
2016-05-22 21:15:44.319000,1.12182,1.12153,1000000,1000000
2016-05-22 21:15:44.717000,1.12176,1.12153,1190000,1000000
2016-05-22 21:15:48.266000,1.12173,1.12154,1190000,1000000
2016-05-22 21:15:51.569000,1.12174,1.12155,1760000,1000000
2016-05-22 21:15:52.625000,1.12174,1.12152,1290000,1000000
2016-05-22 21:15:52.676000,1.12175,1.12152,1310000,1000000
2016-05-22 21:15:52.728000,1.12175,1.12154,1310000,1000000
2016-05-22 21:15:52.830000,1.12180,1.12154,1370000,1000000
2016-05-22 21:15:52.932000,1.12182,1.12154,1500000,1000000
2016-05-22 21:15:59.273000,1.12185,1.12154,2510000,1000000
2016-05-22 21:16:00.774000,1.12188,1.12154,1260000,1190000
2016-05-22 21:16:47.894000,1.12188,1.12154,1290000,1190000
2016-05-22 21:16:47.996000,1.12188,1.12154,1290000,1250000
2016-05-22 21:17:11.172000,1.12188,1.12154,1290000,1190000
2016-05-22 21:17:19.861000,1.12188,1.12154,1290000,1190000
2016-05-22 21:17:30.104000,1.12190,1.12158,1070000,1000000
2016-05-22 21:17:30.155000,1.12191,1.12158,3000000,1000000
2016-05-22 21:17:30.308000,1.12193,1.12158,1000000,1000000
2016-05-22 21:17:37.495000,1.12195,1.12158,1500000,1000000
2016-05-22 21:17:52.911000,1.12195,1.12158,2250000,1120000
2016-05-22 21:17:56.004000,1.12195,1.12158,2250000,1070000
2016-05-22 21:17:57.239000,1.12195,1.12158,1500000,1120000
2016-05-22 21:19:06.129000,1.12195,1.12158,2250000,1620000
2016-05-22 21:19:26.461000,1.12196,1.12158,1000000,1560000
2016-05-22 21:19:26.512000,1.12198,1.12165,1100000,1070000
2016-05-22 21:19:26.563000,1.12201,1.12165,2250000,1370000
2016-05-22 21:19:27.241000,1.12203,1.12165,1070000,1370000
2016-05-22 21:19:53.396000,1.12205,1.12165,2320000,1070000
2016-05-22 21:20:04.843000,1.12203,1.12163,1070000,1000000
2016-05-22 21:20:05.376000,1.12203,1.12160,1070000,1570000
2016-05-22 21:21:14.766000,1.12201,1.12160,1000000,1070000
2016-05-22 21:21:16.316000,1.12192,1.12157,1000000,2810000
2016-05-22 21:21:16.368000,1.12192,1.12156,1120000,1250000
2016-05-22 21:21:16.673000,1.12192,1.12156,1370000,1250000
2016-05-22 21:21:16.825000,1.12192,1.12156,1070000,1320000
2016-05-22 21:21:17.028000,1.12192,1.12156,1070000,1250000
2016-05-22 21:21:17.130000,1.12192,1.12156,1070000,1320000
2016-05-22 21:21:28.218000,1.12192,1.12156,1370000,1250000
2016-05-22 21:21:46.266000,1.12192,1.12156,1260000,1320000
2016-05-22 21:22:11.557000,1.12192,1.12156,2060000,1250000
2016-05-22 21:23:20.464000,1.12192,1.12155,1560000,1190000
2016-05-22 21:24:02.083000,1.12192,1.12156,2060000,1190000
2016-05-22 21:24:09.206000,1.12192,1.12157,1870000,1190000
2016-05-22 21:24:24.995000,1.12192,1.12156,2060000,1190000
2016-05-22 21:24:51.479000,1.12192,1.12158,2060000,1500000
2016-05-22 21:24:52.310000,1.12192,1.12160,2060000,1500000
2016-05-22 21:24:52.664000,1.12192,1.12165,2060000,1000000
2016-05-22 21:24:54.280000,1.12191,1.12167,1310000,1000000
2016-05-22 21:24:56.701000,1.12192,1.12167,1760000,1500000
2016-05-22 21:24:57.485000,1.12192,1.12169,1260000,1000000
2016-05-22 21:24:59.297000,1.12192,1.12166,1070000,1500000
2016-05-22 21:24:59.784000,1.12192,1.12166,1370000,1500000
2016-05-22 21:25:06.393000,1.12193,1.12166,1260000,1500000
2016-05-22 21:25:06.446000,1.12193,1.12168,1260000,1000000
2016-05-22 21:25:06.548000,1.12195,1.12170,1570000,1000000
2016-05-22 21:25:06.650000,1.12198,1.12172,1070000,1000000
2016-05-22 21:25:11.675000,1.12199,1.12172,1070000,1500000
2016-05-22 21:25:27.085000,1.12199,1.12171,1070000,1000000
2016-05-22 21:25:27.136000,1.12199,1.12169,1070000,1500000
2016-05-22 21:25:27.778000,1.12198,1.12167,1070000,1690000
2016-05-22 21:25:28.305000,1.12198,1.12167,1070000,1250000
2016-05-22 21:25:33.175000,1.12198,1.12168,1070000,1000000
2016-05-22 21:25:42.248000,1.12199,1.12167,1120000,1250000
2016-05-22 21:25:42.755000,1.12199,1.12168,1120000,1000000
2016-05-22 21:25:45.580000,1.12198,1.12169,1070000,1000000
2016-05-22 21:25:48.690000,1.12198,1.12171,1070000,1000000
2016-05-22 21:25:51.263000,1.12198,1.12170,1070000,1500000
2016-05-22 21:26:02.371000,1.12198,1.12168,1070000,1500000
2016-05-22 21:26:11.282000,1.12198,1.12167,1070000,1500000
2016-05-22 21:26:13.203000,1.12198,1.12166,1070000,2250000
2016-05-22 21:26:15.405000,1.12196,1.12165,2320000,3000000
2016-05-22 21:26:26.550000,1.12195,1.12163,1570000,1500000
2016-05-22 21:26:26.753000,1.12195,1.12160,2320000,1690000
2016-05-22 21:26:36.417000,1.12195,1.12160,2320000,1500000
2016-05-22 21:26:36.519000,1.12195,1.12160,1570000,2060000
2016-05-22 21:26:49.349000,1.12194,1.12160,1000000,1120000
2016-05-22 21:26:49.400000,1.12191,1.12158,1070000,1000000
2016-05-22 21:26:49.501000,1.12191,1.12158,1000000,1070000
2016-05-22 21:26:53.022000,1.12191,1.12160,1100000,1000000
2016-05-22 21:26:53.906000,1.12193,1.12160,1500000,1070000
2016-05-22 21:26:54.166000,1.12195,1.12160,3070000,1070000
2016-05-22 21:26:55.807000,1.12195,1.12160,3070000,1000000
2016-05-22 21:27:29.223000,1.12195,1.12160,2320000,1070000
2016-05-22 21:30:01.014000,1.12195,1.12160,2320000,1190000
2016-05-22 21:30:01.342000,1.12189,1.12160,1200000,1100000
2016-05-22 21:30:01.393000,1.12191,1.12160,1000000,1100000
2016-05-22 21:30:01.546000,1.12194,1.12160,1000000,1070000
2016-05-22 21:30:01.698000,1.12196,1.12160,1000000,1320000
2016-05-22 21:30:06.612000,1.12198,1.12160,2250000,1320000
2016-05-22 21:30:11.735000,1.12199,1.12160,1100000,1320000
2016-05-22 21:30:40.869000,1.12201,1.12160,1570000,1010000
2016-05-22 21:30:40.971000,1.12201,1.12160,1570000,1320000
2016-05-22 21:30:44.931000,1.12201,1.12159,1100000,1260000
2016-05-22 21:30:55.259000,1.12201,1.12162,1570000,1000000
2016-05-22 21:30:55.883000,1.12201,1.12163,1570000,1500000
2016-05-22 21:31:03.054000,1.12200,1.12163,1000000,1500000
2016-05-22 21:31:03.209000,1.12200,1.12160,1500000,3070000
2016-05-22 21:31:07.824000,1.12200,1.12163,2250000,1500000
2016-05-22 21:31:15.010000,1.12200,1.12165,1000000,1000000
2016-05-22 21:31:15.718000,1.12200,1.12166,2250000,1500000
2016-05-22 21:31:23.465000,1.12200,1.12163,1500000,1570000
2016-05-22 21:31:29.534000,1.12200,1.12167,1000000,1000000
2016-05-22 21:31:30.095000,1.12201,1.12168,2320000,1500000
2016-05-22 21:31:31.254000,1.12201,1.12167,2320000,2250000
2016-05-22 21:31:42.194000,1.12201,1.12165,1100000,1500000
2016-05-22 21:31:50.448000,1.12201,1.12166,1100000,1000000
2016-05-22 21:31:54.309000,1.12201,1.12166,1100000,1570000
2016-05-22 21:32:07.115000,1.12203,1.12166,1070000,1000000
2016-05-22 21:32:08.793000,1.12203,1.12165,1070000,1100000
2016-05-22 21:32:08.843000,1.12203,1.12165,1070000,1070000
2016-05-22 21:32:10.747000,1.12203,1.12168,1070000,1070000
2016-05-22 21:32:28.627000,1.12203,1.12165,1070000,1070000
2016-05-22 21:32:29.723000,1.12203,1.12168,1070000,2250000
2016-05-22 21:32:29.775000,1.12203,1.12168,1070000,2320000
2016-05-22 21:33:23.966000,1.12203,1.12171,1070000,1000000
2016-05-22 21:33:24.524000,1.12203,1.12171,1070000,2320000
2016-05-22 21:33:54.545000,1.12203,1.12171,1070000,2250000
2016-05-22 21:34:05.556000,1.12203,1.12172,1070000,1000000
2016-05-22 21:34:06.114000,1.12203,1.12173,1070000,1500000
2016-05-22 21:34:15.379000,1.12203,1.12170,1070000,1500000
2016-05-22 21:34:15.480000,1.12203,1.12167,1070000,1500000
2016-05-22 21:34:34.161000,1.12204,1.12166,1070000,1570000
2016-05-22 21:34:34.212000,1.12204,1.12168,1070000,1000000
2016-05-22 21:34:34.714000,1.12204,1.12169,1070000,1570000
2016-05-22 21:34:39.272000,1.12204,1.12168,1070000,1500000
2016-05-22 21:34:49.520000,1.12204,1.12169,1070000,1000000
2016-05-22 21:35:00.362000,1.12204,1.12166,1070000,3070000
2016-05-22 21:35:00.413000,1.12204,1.12170,1070000,1000000
2016-05-22 21:35:11.301000,1.12204,1.12169,1070000,2250000
2016-05-22 21:35:17.146000,1.12203,1.12170,1070000,1000000
2016-05-22 21:35:33.236000,1.12203,1.12172,1070000,1000000
2016-05-22 21:35:33.784000,1.12203,1.12173,1070000,1500000
2016-05-22 21:35:52.187000,1.12203,1.12173,1000000,1570000
2016-05-22 21:36:13.267000,1.12203,1.12174,1000000,1000000
2016-05-22 21:36:13.816000,1.12203,1.12175,1000000,1000000
2016-05-22 21:36:19.511000,1.12203,1.12177,1000000,1000000
2016-05-22 21:36:20.039000,1.12203,1.12178,1000000,1000000
2016-05-22 21:36:35.109000,1.12203,1.12178,1070000,1000000
2016-05-22 21:36:39.517000,1.12203,1.12178,1000000,1500000
2016-05-22 21:37:08.323000,1.12203,1.12178,1070000,1500000
2016-05-22 21:37:40.925000,1.12204,1.12177,1070000,1500000
2016-05-22 21:37:50.946000,1.12204,1.12176,1070000,1500000
2016-05-22 21:37:51.149000,1.12204,1.12174,1070000,1500000
2016-05-22 21:37:53.171000,1.12204,1.12173,1070000,2250000
2016-05-22 21:38:01.258000,1.12204,1.12172,1070000,2250000
2016-05-22 21:38:11.287000,1.12204,1.12171,1070000,2250000
2016-05-22 21:38:13.214000,1.12204,1.12170,1070000,3000000
2016-05-22 21:38:14.975000,1.12204,1.12171,1070000,1500000
2016-05-22 21:38:20.550000,1.12204,1.12192,1070000,750000
2016-05-22 21:38:20.601000,1.12204,1.12197,1070000,1000000
2016-05-22 21:38:21.006000,1.12204,1.12196,1450000,1500000
2016-05-22 21:38:21.058000,1.12204,1.12193,1450000,1000000
2016-05-22 21:38:21.109000,1.12204,1.12191,1070000,1500000
2016-05-22 21:38:21.210000,1.12204,1.12183,1070000,1000000
2016-05-22 21:38:21.413000,1.12204,1.12181,1070000,1500000
2016-05-22 21:38:21.515000,1.12204,1.12178,1070000,3000000
2016-05-22 21:38:21.617000,1.12204,1.12176,1070000,1500000
2016-05-22 21:38:31.521000,1.12203,1.12174,1070000,3750000
2016-05-22 21:38:43.079000,1.12180,1.12173,750000,3750000
2016-05-22 21:38:43.141000,1.12174,1.12168,1000000,1500000
2016-05-22 21:38:43.192000,1.12181,1.12162,1500000,1500000
2016-05-22 21:38:43.396000,1.12175,1.12159,1000000,1500000
2016-05-22 21:38:43.497000,1.12175,1.12156,1000000,2250000
2016-05-22 21:38:43.700000,1.12182,1.12159,3820000,1000000
2016-05-22 21:38:43.902000,1.12186,1.12160,1000000,3750000
2016-05-22 21:38:43.953000,1.12191,1.12163,2620000,1000000
2016-05-22 21:38:44.005000,1.12195,1.12165,1010000,1500000
2016-05-22 21:38:44.106000,1.12197,1.12165,1320000,4500000
2016-05-22 21:38:44.157000,1.12197,1.12167,1070000,1000000
2016-05-22 21:38:44.369000,1.12204,1.12170,2320000,1000000
2016-05-22 21:38:49.304000,1.12204,1.12171,1070000,1500000
2016-05-22 21:38:51.279000,1.12204,1.12170,1070000,3750000
2016-05-22 21:38:51.797000,1.12204,1.12171,1070000,1500000
2016-05-22 21:38:53.233000,1.12204,1.12173,1070000,1500000
2016-05-22 21:38:53.765000,1.12204,1.12172,1070000,1000000
2016-05-22 21:38:54.317000,1.12204,1.12171,1070000,2250000
2016-05-22 21:38:57.223000,1.12204,1.12173,1070000,1000000
2016-05-22 21:38:57.527000,1.12204,1.12175,1070000,1500000
2016-05-22 21:38:57.729000,1.12204,1.12173,1070000,2250000
2016-05-22 21:39:02.824000,1.12204,1.12170,1070000,3750000
2016-05-22 21:39:10.485000,1.12204,1.12169,1570000,3750000
2016-05-22 21:39:11.047000,1.12204,1.12170,1570000,3000000
2016-05-22 21:39:12.742000,1.12204,1.12169,1570000,3000000
2016-05-22 21:39:13.711000,1.12202,1.12165,1570000,3000000
2016-05-22 21:39:17.762000,1.12202,1.12170,1570000,1000000
2016-05-22 21:39:23.414000,1.12204,1.12168,3070000,1000000
2016-05-22 21:39:29.073000,1.12204,1.12169,1070000,1000000
2016-05-22 21:39:34.547000,1.12204,1.12168,1070000,2250000
2016-05-22 21:39:38.590000,1.12204,1.12168,1070000,4500000
2016-05-22 21:39:39.440000,1.12204,1.12168,2320000,2250000
2016-05-22 21:40:00.012000,1.12204,1.12167,1570000,4500000
2016-05-22 21:40:11.243000,1.12204,1.12168,3070000,1500000
2016-05-22 21:41:11.237000,1.12205,1.12167,1870000,4500000
2016-05-22 21:41:55.600000,1.12204,1.12168,1070000,1500000
2016-05-22 21:42:11.213000,1.12204,1.12167,1070000,3000000
2016-05-22 21:42:24.641000,1.12204,1.12167,1070000,1500000
2016-05-22 21:42:51.197000,1.12204,1.12166,1070000,4500000
2016-05-22 21:42:53.490000,1.12204,1.12168,1070000,1500000
2016-05-22 21:43:19.956000,1.12204,1.12168,1070000,1500000
2016-05-22 21:43:53.123000,1.12204,1.12170,1070000,1500000
2016-05-22 21:43:53.674000,1.12204,1.12171,1070000,1500000
2016-05-22 21:45:21.602000,1.12204,1.12172,1070000,1500000
2016-05-22 21:45:24.320000,1.12204,1.12173,1070000,1000000
2016-05-22 21:45:31.282000,1.12204,1.12174,1070000,1000000
2016-05-22 21:45:34.435000,1.12197,1.12174,1000000,3000000
2016-05-22 21:45:34.740000,1.12190,1.12174,1000000,1500000
2016-05-22 21:45:34.842000,1.12190,1.12172,1000000,1000000
2016-05-22 21:45:34.943000,1.12194,1.12172,1000000,1000000
2016-05-22 21:45:35.398000,1.12205,1.12172,1500000,1500000
2016-05-22 21:45:35.449000,1.12205,1.12174,1500000,1500000
2016-05-22 21:45:36.227000,1.12205,1.12173,1500000,1500000
2016-05-22 21:45:36.728000,1.12205,1.12174,1500000,1500000
2016-05-22 21:45:37.233000,1.12205,1.12173,1500000,1500000
2016-05-22 21:45:37.782000,1.12205,1.12174,1500000,1500000
2016-05-22 21:45:39.131000,1.12205,1.12173,1500000,1500000
2016-05-22 21:45:39.635000,1.12205,1.12174,1500000,1500000
2016-05-22 21:45:42.340000,1.12205,1.12175,1500000,1500000
2016-05-22 21:45:48.705000,1.12205,1.12174,1870000,1500000
2016-05-22 21:45:49.254000,1.12205,1.12173,1870000,3000000
2016-05-22 21:45:49.764000,1.12205,1.12174,1870000,1500000
2016-05-22 21:45:50.358000,1.12205,1.12173,1870000,3000000
2016-05-22 21:45:50.931000,1.12205,1.12174,1870000,1500000
2016-05-22 21:45:53.071000,1.12205,1.12173,1500000,3750000
2016-05-22 21:45:53.670000,1.12205,1.12174,1500000,1500000
2016-05-22 21:45:54.272000,1.12205,1.12175,1500000,3000000
2016-05-22 21:46:11.120000,1.12199,1.12175,1190000,3000000
2016-05-22 21:46:11.424000,1.12193,1.12171,1000000,2250000
2016-05-22 21:46:11.744000,1.12190,1.12171,1000000,1500000
2016-05-22 21:46:11.846000,1.12190,1.12168,1000000,1870000
2016-05-22 21:46:11.949000,1.12197,1.12171,1470000,1000000
2016-05-22 21:46:12.050000,1.12204,1.12171,1200000,2250000
2016-05-22 21:46:12.257000,1.12208,1.12174,1750000,1000000
2016-05-22 21:46:12.359000,1.12208,1.12174,1450000,1500000
2016-05-22 21:46:13.838000,1.12205,1.12176,1100000,1000000
2016-05-22 21:46:14.409000,1.12205,1.12185,1100000,1500000
2016-05-22 21:46:17.917000,1.12210,1.12181,2250000,1500000
2016-05-22 21:46:42.669000,1.12210,1.12182,2250000,1500000
2016-05-22 21:46:46.612000,1.12205,1.12181,1100000,2250000
2016-05-22 21:46:47.128000,1.12205,1.12182,1100000,1500000
2016-05-22 21:46:48.079000,1.12208,1.12181,1950000,1500000
2016-05-22 21:46:50.082000,1.12205,1.12180,1100000,3750000
2016-05-22 21:46:50.683000,1.12205,1.12181,1100000,1500000
2016-05-22 21:46:51.233000,1.12205,1.12180,1100000,3750000
2016-05-22 21:46:51.735000,1.12205,1.12181,1100000,1500000
2016-05-22 21:46:57.946000,1.12209,1.12180,1570000,3000000
2016-05-22 21:46:58.498000,1.12209,1.12181,1570000,1500000
2016-05-22 21:46:59.048000,1.12209,1.12180,1570000,3750000
2016-05-22 21:46:59.613000,1.12209,1.12181,2320000,1500000
2016-05-22 21:47:03.357000,1.12209,1.12180,2320000,2250000
2016-05-22 21:47:03.906000,1.12209,1.12181,2320000,1500000
2016-05-22 21:47:04.511000,1.12209,1.12180,2320000,3750000
2016-05-22 21:47:05.060000,1.12209,1.12181,2320000,1500000
2016-05-22 21:47:06.363000,1.12209,1.12180,2320000,3750000
2016-05-22 21:47:07.012000,1.12209,1.12181,2320000,1500000
2016-05-22 21:47:08.565000,1.12209,1.12180,2320000,3750000
2016-05-22 21:47:09.068000,1.12209,1.12181,2320000,1500000
2016-05-22 21:47:10.429000,1.12209,1.12180,2320000,3750000
2016-05-22 21:47:10.935000,1.12207,1.12181,1570000,1500000
2016-05-22 21:47:12.576000,1.12205,1.12180,1100000,3750000
2016-05-22 21:47:13.078000,1.12205,1.12181,1100000,1500000
2016-05-22 21:47:14.978000,1.12209,1.12180,1570000,3750000
2016-05-22 21:47:15.528000,1.12209,1.12181,1570000,1500000
2016-05-22 21:47:21.356000,1.12209,1.12180,1570000,3750000
2016-05-22 21:47:21.894000,1.12209,1.12181,1570000,1500000
2016-05-22 21:47:24.398000,1.12209,1.12180,1570000,3750000
2016-05-22 21:47:24.900000,1.12209,1.12181,1570000,1500000
2016-05-22 21:47:25.895000,1.12209,1.12180,1570000,3750000
2016-05-22 21:47:26.703000,1.12209,1.12181,1570000,1500000
2016-05-22 21:47:27.254000,1.12209,1.12180,1570000,3750000
2016-05-22 21:47:27.824000,1.12209,1.12181,1570000,1500000
2016-05-22 21:47:28.706000,1.12209,1.12180,1570000,3750000
2016-05-22 21:47:29.208000,1.12209,1.12181,1570000,1500000
2016-05-22 21:47:30.411000,1.12209,1.12180,1570000,3750000
2016-05-22 21:47:31.028000,1.12209,1.12181,1570000,1500000
2016-05-22 21:47:31.713000,1.12210,1.12180,3370000,2250000
2016-05-22 21:47:32.215000,1.12210,1.12181,4870000,1500000
2016-05-22 21:47:34.509000,1.12205,1.12180,1100000,3750000
2016-05-22 21:47:35.069000,1.12205,1.12181,1100000,1500000
2016-05-22 21:47:36.389000,1.12205,1.12180,1100000,3000000
2016-05-22 21:47:36.923000,1.12205,1.12181,1100000,1500000
2016-05-22 21:47:38.108000,1.12205,1.12180,1100000,3000000
2016-05-22 21:47:38.676000,1.12205,1.12181,1100000,1500000
2016-05-22 21:47:39.127000,1.12205,1.12178,1100000,1500000
2016-05-22 21:47:43.387000,1.12206,1.12180,1070000,1000000
2016-05-22 21:47:43.741000,1.12209,1.12182,1570000,1500000
2016-05-22 21:47:46.744000,1.12209,1.12181,1070000,2250000
2016-05-22 21:47:47.245000,1.12209,1.12182,1070000,1500000
2016-05-22 21:47:48.246000,1.12209,1.12181,1070000,2250000
2016-05-22 21:47:48.781000,1.12209,1.12182,1070000,1500000
2016-05-22 21:47:49.550000,1.12209,1.12196,1070000,750000
2016-05-22 21:47:49.753000,1.12222,1.12205,1500000,1000000
2016-05-22 21:47:49.804000,1.12222,1.12203,1500000,2250000
2016-05-22 21:47:50.311000,1.12221,1.12203,1250000,1500000
2016-05-22 21:47:51.632000,1.12220,1.12203,1000000,1500000
2016-05-22 21:47:52.678000,1.12212,1.12203,1000000,1500000
2016-05-22 21:47:52.832000,1.12209,1.12199,1000000,1500000
2016-05-22 21:47:53.090000,1.12209,1.12199,1070000,1500000
2016-05-22 21:47:54.060000,1.12209,1.12202,1070000,1000000
2016-05-22 21:47:54.112000,1.12216,1.12215,1000000,3000000
2016-05-22 21:47:54.163000,1.12222,1.12217,750000,3750000
2016-05-22 21:47:54.215000,1.12228,1.12218,1000000,3750000
2016-05-22 21:47:54.316000,1.12226,1.12218,1000000,3000000
2016-05-22 21:47:54.570000,1.12217,1.12206,1070000,1500000
2016-05-22 21:47:54.622000,1.12212,1.12206,1000000,1500000
2016-05-22 21:47:54.825000,1.12214,1.12200,1870000,3750000
2016-05-22 21:47:54.927000,1.12212,1.12197,1370000,2250000
2016-05-22 21:47:55.131000,1.12210,1.12200,1070000,2250000
2016-05-22 21:47:56.694000,1.12213,1.12212,1000000,1500000
2016-05-22 21:47:56.746000,1.12224,1.12220,1000000,2250000
2016-05-22 21:47:56.797000,1.12229,1.12220,1000000,2250000
2016-05-22 21:47:58.122000,1.12222,1.12220,1000000,1500000
2016-05-22 21:47:58.173000,1.12221,1.12216,1260000,3000000
2016-05-22 21:47:58.275000,1.12221,1.12209,2060000,2400000
2016-05-22 21:47:58.326000,1.12214,1.12209,1000000,1000000
2016-05-22 21:47:58.428000,1.12212,1.12209,1000000,1000000
2016-05-22 21:47:58.479000,1.12212,1.12205,1070000,3000000
2016-05-22 21:47:58.530000,1.12211,1.12201,1070000,1500000
2016-05-22 21:47:58.631000,1.12214,1.12198,1370000,1500000
2016-05-22 21:47:58.733000,1.12215,1.12195,1370000,3000000
2016-05-22 21:47:59.363000,1.12213,1.12195,1370000,3000000
2016-05-22 21:47:59.576000,1.12217,1.12195,3260000,3000000
2016-05-22 21:48:00.979000,1.12217,1.12191,1070000,1000000
2016-05-22 21:48:01.434000,1.12218,1.12189,1070000,3000000
2016-05-22 21:48:02.029000,1.12218,1.12190,1070000,1500000
2016-05-22 21:48:04.181000,1.12217,1.12189,1570000,2250000
2016-05-22 21:48:08.154000,1.12217,1.12189,1500000,2250000
2016-05-22 21:48:08.255000,1.12218,1.12202,1500000,750000
2016-05-22 21:48:08.307000,1.12218,1.12215,1500000,1500000
2016-05-22 21:48:08.358000,1.12230,1.12227,3150000,1000000
2016-05-22 21:48:08.409000,1.12229,1.12227,1000000,1000000
2016-05-22 21:48:08.495000,1.12233,1.12229,1500000,1500000
2016-05-22 21:48:08.548000,1.12237,1.12228,1000000,1250000
2016-05-22 21:48:08.751000,1.12235,1.12228,1000000,1000000
2016-05-22 21:48:08.904000,1.12238,1.12228,2250000,1000000
2016-05-22 21:48:09.256000,1.12231,1.12228,1120000,1000000
2016-05-22 21:48:09.358000,1.12229,1.12225,1000000,1000000
2016-05-22 21:48:09.460000,1.12226,1.12220,1000000,1000000
2016-05-22 21:48:09.511000,1.12226,1.12217,1000000,1500000
2016-05-22 21:48:09.562000,1.12229,1.12217,1000000,1000000
2016-05-22 21:48:09.613000,1.12229,1.12207,1000000,1500000
2016-05-22 21:48:09.664000,1.12229,1.12205,1000000,1500000
2016-05-22 21:48:09.816000,1.12229,1.12201,1000000,4120000
2016-05-22 21:48:10.478000,1.12229,1.12199,1500000,1500000
2016-05-22 21:48:10.965000,1.12229,1.12197,2250000,2250000
2016-05-22 21:48:11.552000,1.12227,1.12197,1500000,1000000
2016-05-22 21:48:11.704000,1.12227,1.12194,2250000,3000000
2016-05-22 21:48:13.022000,1.12227,1.12208,1500000,750000
2016-05-22 21:48:13.326000,1.12242,1.12228,1000000,2250000
2016-05-22 21:48:13.951000,1.12241,1.12228,1000000,2250000
2016-05-22 21:48:14.258000,1.12239,1.12228,1000000,2250000
2016-05-22 21:48:14.568000,1.12237,1.12228,1000000,1500000
2016-05-22 21:48:15.112000,1.12238,1.12228,2250000,1000000
2016-05-22 21:48:15.663000,1.12236,1.12228,1000000,1000000
2016-05-22 21:48:16.169000,1.12235,1.12228,1000000,1000000
2016-05-22 21:48:19.108000,1.12236,1.12228,1000000,1000000
2016-05-22 21:48:19.505000,1.12234,1.12228,1000000,1000000
2016-05-22 21:48:19.870000,1.12236,1.12228,2250000,1000000
2016-05-22 21:48:20.385000,1.12236,1.12227,1000000,1500000
2016-05-22 21:48:20.923000,1.12237,1.12227,1000000,1500000
2016-05-22 21:48:21.178000,1.12239,1.12227,2250000,1500000
2016-05-22 21:48:21.237000,1.12230,1.12227,1500000,1000000
2016-05-22 21:48:21.441000,1.12229,1.12217,1120000,1500000
2016-05-22 21:48:21.492000,1.12227,1.12206,1370000,1650000
2016-05-22 21:48:21.543000,1.12225,1.12206,1570000,1500000
2016-05-22 21:48:21.594000,1.12223,1.12198,1070000,1150000
2016-05-22 21:48:21.645000,1.12223,1.12196,1070000,1500000
2016-05-22 21:48:21.696000,1.12223,1.12194,1070000,1500000
2016-05-22 21:48:23.039000,1.12224,1.12203,2320000,1000000
2016-05-22 21:48:23.343000,1.12241,1.12227,1000000,1000000
2016-05-22 21:48:24.379000,1.12240,1.12227,1000000,1000000
2016-05-22 21:48:24.882000,1.12240,1.12226,1000000,1500000
2016-05-22 21:48:26.247000,1.12238,1.12227,1000000,1000000
2016-05-22 21:48:26.883000,1.12237,1.12227,1000000,1000000
2016-05-22 21:48:27.228000,1.12236,1.12224,1000000,1250000
2016-05-22 21:48:27.280000,1.12232,1.12221,1000000,3190000
2016-05-22 21:48:27.434000,1.12225,1.12214,1000000,1000000
2016-05-22 21:48:27.537000,1.12223,1.12207,1000000,1650000
2016-05-22 21:48:27.639000,1.12223,1.12200,1570000,1000000
2016-05-22 21:48:27.791000,1.12220,1.12196,1500000,3000000
2016-05-22 21:48:28.489000,1.12218,1.12195,2250000,1500000
2016-05-22 21:48:28.540000,1.12218,1.12193,2250000,3750000
2016-05-22 21:48:28.693000,1.12214,1.12193,2250000,1000000
2016-05-22 21:48:28.998000,1.12204,1.12183,1000000,1150000
2016-05-22 21:48:29.049000,1.12208,1.12180,1000000,3000000
2016-05-22 21:48:29.152000,1.12208,1.12176,2250000,3000000
2016-05-22 21:48:29.891000,1.12207,1.12177,1500000,1500000
2016-05-22 21:48:31.197000,1.12208,1.12176,2250000,3000000
2016-05-22 21:48:31.811000,1.12207,1.12177,1500000,1500000
2016-05-22 21:48:32.412000,1.12208,1.12176,2250000,1500000
2016-05-22 21:48:32.950000,1.12207,1.12177,1500000,1500000
2016-05-22 21:48:34.552000,1.12205,1.12177,1500000,1500000
2016-05-22 21:48:34.806000,1.12205,1.12175,1500000,3750000
2016-05-22 21:48:35.418000,1.12205,1.12176,3000000,1500000
2016-05-22 21:48:38.214000,1.12205,1.12175,1500000,3750000
2016-05-22 21:48:38.815000,1.12205,1.12176,3000000,1500000
2016-05-22 21:48:40.817000,1.12203,1.12178,1500000,1500000
2016-05-22 21:48:41.323000,1.12204,1.12177,1500000,1500000
2016-05-22 21:48:41.917000,1.12203,1.12178,1500000,1500000
2016-05-22 21:48:43.141000,1.12204,1.12177,1500000,1500000
2016-05-22 21:48:43.670000,1.12203,1.12178,1500000,1500000
2016-05-22 21:48:44.020000,1.12198,1.12173,1000000,2620000
2016-05-22 21:48:51.035000,1.12198,1.12174,1000000,1000000
2016-05-22 21:48:51.086000,1.12200,1.12174,1000000,1000000
2016-05-22 21:48:51.587000,1.12201,1.12174,1500000,1000000
2016-05-22 21:48:52.092000,1.12202,1.12173,1500000,2620000
2016-05-22 21:48:52.659000,1.12201,1.12174,1500000,1000000
2016-05-22 21:48:53.900000,1.12201,1.12175,1500000,1500000
2016-05-22 21:48:54.442000,1.12202,1.12175,1500000,3000000
2016-05-22 21:48:55.243000,1.12201,1.12176,1500000,1500000
2016-05-22 21:48:57.950000,1.12202,1.12175,1500000,4500000
2016-05-22 21:48:58.498000,1.12201,1.12176,1500000,1500000
2016-05-22 21:48:59.002000,1.12202,1.12175,1500000,4500000
2016-05-22 21:48:59.655000,1.12201,1.12176,1500000,1500000
2016-05-22 21:49:00.794000,1.12202,1.12175,1500000,4500000
2016-05-22 21:49:00.955000,1.12202,1.12177,1500000,1500000
2016-05-22 21:49:04.761000,1.12203,1.12176,2250000,1500000
2016-05-22 21:49:05.265000,1.12202,1.12177,1500000,1500000
2016-05-22 21:49:06.099000,1.12203,1.12178,2250000,1500000
2016-05-22 21:49:08.768000,1.12203,1.12177,1000000,1500000
2016-05-22 21:49:09.319000,1.12203,1.12178,2250000,1500000
2016-05-22 21:49:09.971000,1.12203,1.12177,1000000,1500000
2016-05-22 21:49:10.521000,1.12203,1.12178,2250000,1500000
2016-05-22 21:49:11.673000,1.12203,1.12177,1000000,1500000
2016-05-22 21:49:12.179000,1.12202,1.12176,1500000,2250000
2016-05-22 21:49:12.980000,1.12203,1.12176,2250000,1000000
2016-05-22 21:49:13.486000,1.12202,1.12176,1500000,2250000
2016-05-22 21:49:14.678000,1.12203,1.12176,2250000,1000000
2016-05-22 21:49:15.180000,1.12202,1.12176,1500000,2250000
2016-05-22 21:49:17.281000,1.12203,1.12176,2250000,1000000
2016-05-22 21:49:17.788000,1.12202,1.12176,1500000,2250000
2016-05-22 21:49:18.334000,1.12202,1.12177,1500000,1500000
2016-05-22 21:49:18.884000,1.12203,1.12176,2250000,2250000
2016-05-22 21:49:19.417000,1.12202,1.12177,1500000,1500000
2016-05-22 21:49:21.573000,1.12202,1.12180,1500000,1000000
2016-05-22 21:49:21.624000,1.12205,1.12180,1500000,1500000
2016-05-22 21:49:21.726000,1.12205,1.12183,1500000,1000000
2016-05-22 21:49:21.778000,1.12209,1.12183,1870000,1000000
2016-05-22 21:49:21.880000,1.12213,1.12184,1000000,2250000
2016-05-22 21:49:22.400000,1.12213,1.12183,1000000,3000000
2016-05-22 21:49:22.949000,1.12213,1.12184,1000000,2250000
2016-05-22 21:49:23.693000,1.12213,1.12183,1000000,3000000
2016-05-22 21:49:24.223000,1.12213,1.12184,1000000,2250000
2016-05-22 21:49:24.866000,1.12213,1.12185,1000000,1000000
2016-05-22 21:49:26.816000,1.12203,1.12185,1000000,1500000
2016-05-22 21:49:26.918000,1.12203,1.12180,1000000,1500000
2016-05-22 21:49:27.515000,1.12203,1.12179,1000000,1500000
2016-05-22 21:49:29.125000,1.12203,1.12178,1000000,3750000
2016-05-22 21:49:29.704000,1.12203,1.12179,1000000,1500000
2016-05-22 21:49:30.326000,1.12203,1.12178,1000000,3750000
2016-05-22 21:49:30.875000,1.12203,1.12179,1000000,1500000
2016-05-22 21:49:31.729000,1.12203,1.12178,1000000,2250000
2016-05-22 21:49:58.434000,1.12203,1.12177,1000000,3750000
2016-05-22 21:50:22,1.12203,1.12178,1000000,1500000
2016-05-22 21:50:22.640000,1.12203,1.12177,1000000,2250000
2016-05-22 21:50:23.142000,1.12203,1.12178,1000000,1500000
2016-05-22 21:50:24.028000,1.12203,1.12177,1000000,2250000
2016-05-22 21:50:24.563000,1.12203,1.12178,1000000,1500000
2016-05-22 21:50:26.419000,1.12203,1.12177,1000000,2250000
2016-05-22 21:50:27.032000,1.12203,1.12178,1000000,1500000
2016-05-22 21:50:27.549000,1.12203,1.12177,1000000,2250000
2016-05-22 21:50:28.850000,1.12203,1.12176,1000000,2250000
2016-05-22 21:50:29.401000,1.12203,1.12177,1000000,1500000
2016-05-22 21:50:30.886000,1.12203,1.12176,1000000,2250000
2016-05-22 21:50:31.398000,1.12203,1.12177,1000000,1500000
2016-05-22 21:50:35.022000,1.12203,1.12176,1000000,2250000
2016-05-22 21:50:35.564000,1.12203,1.12177,1000000,1500000
2016-05-22 21:50:36.423000,1.12202,1.12177,1000000,1500000
2016-05-22 21:50:36.524000,1.12198,1.12176,1000000,1500000
2016-05-22 21:50:37.058000,1.12198,1.12177,1000000,1500000
2016-05-22 21:50:40.330000,1.12193,1.12177,1000000,1500000
2016-05-22 21:50:40.842000,1.12194,1.12178,1000000,1500000
2016-05-22 21:50:44.271000,1.12194,1.12176,1000000,1500000
2016-05-22 21:50:47.373000,1.12188,1.12175,1000000,1500000
2016-05-22 21:50:47.677000,1.12183,1.12175,1000000,1500000
2016-05-22 21:50:53.589000,1.12183,1.12173,1000000,1000000
2016-05-22 21:50:53.741000,1.12193,1.12174,1000000,1000000
2016-05-22 21:50:54.164000,1.12200,1.12180,2060000,1500000
2016-05-22 21:50:54.215000,1.12201,1.12180,1000000,1500000
2016-05-22 21:50:54.266000,1.12203,1.12182,1870000,1500000
2016-05-22 21:50:54.368000,1.12203,1.12182,1000000,1500000
2016-05-22 21:50:54.621000,1.12206,1.12182,1120000,1500000
2016-05-22 21:50:54.773000,1.12210,1.12182,3000000,2250000
2016-05-22 21:50:55.767000,1.12211,1.12182,3750000,1000000
2016-05-22 21:50:56.320000,1.12210,1.12182,3000000,2250000
2016-05-22 21:51:06.039000,1.12211,1.12182,2250000,2250000
2016-05-22 21:51:31.816000,1.12211,1.12181,2250000,3000000
2016-05-22 21:51:37.251000,1.12212,1.12181,1500000,3000000
2016-05-22 21:51:40.158000,1.12213,1.12181,2250000,1000000
2016-05-22 21:51:40.659000,1.12212,1.12181,1500000,3000000
2016-05-22 21:51:41.964000,1.12213,1.12181,2250000,1000000
2016-05-22 21:51:42.566000,1.12212,1.12181,1500000,3000000
2016-05-22 21:51:46.288000,1.12213,1.12181,2250000,1000000
2016-05-22 21:51:46.872000,1.12213,1.12182,2250000,1500000
2016-05-22 21:51:49.191000,1.12213,1.12181,1000000,2250000
2016-05-22 21:51:49.737000,1.12213,1.12182,2250000,1500000
2016-05-22 21:51:50.989000,1.12213,1.12181,1000000,2250000
2016-05-22 21:51:51.535000,1.12213,1.12182,2250000,1500000
2016-05-22 21:51:52.042000,1.12213,1.12181,2250000,3000000
2016-05-22 21:51:54.773000,1.12214,1.12180,3070000,5250000
2016-05-22 21:51:55.302000,1.12213,1.12181,1500000,2250000
2016-05-22 21:51:58.008000,1.12214,1.12180,3070000,5250000
2016-05-22 21:51:58.231000,1.12213,1.12182,1500000,1000000
2016-05-22 21:51:58.739000,1.12214,1.12182,2320000,3000000
2016-05-22 21:52:04.821000,1.12213,1.12182,1000000,2250000
2016-05-22 21:52:05.477000,1.12213,1.12181,2250000,2250000
2016-05-22 21:52:10.371000,1.12211,1.12181,1000000,1500000
2016-05-22 21:52:10.691000,1.12196,1.12186,1000000,2250000
2016-05-22 21:52:13.084000,1.12196,1.12182,1000000,2250000
2016-05-22 21:52:13.185000,1.12196,1.12186,1000000,2250000
2016-05-22 21:52:17.507000,1.12196,1.12180,1000000,2250000
2016-05-22 21:52:25.119000,1.12196,1.12184,1000000,1500000
2016-05-22 21:52:29.884000,1.12196,1.12182,1000000,1500000
2016-05-22 21:52:37.396000,1.12196,1.12181,1000000,1500000
2016-05-22 21:52:46.726000,1.12203,1.12181,2620000,1500000
2016-05-22 21:52:47.030000,1.12206,1.12182,2250000,1500000
2016-05-22 21:52:47.233000,1.12206,1.12179,1000000,1000000
2016-05-22 21:52:47.385000,1.12203,1.12178,1000000,1000000
2016-05-22 21:52:47.689000,1.12202,1.12182,1500000,1500000
2016-05-22 21:52:48.433000,1.12203,1.12182,3750000,1500000
2016-05-22 21:52:48.977000,1.12202,1.12182,1500000,1500000
2016-05-22 21:52:49.485000,1.12203,1.12183,3750000,1500000
2016-05-22 21:52:50.036000,1.12202,1.12183,1500000,1500000
2016-05-22 21:52:51.033000,1.12203,1.12183,3750000,1500000
2016-05-22 21:52:51.540000,1.12202,1.12183,1500000,1500000
2016-05-22 21:52:53.145000,1.12202,1.12182,2250000,1500000
2016-05-22 21:52:58.749000,1.12203,1.12182,3750000,1500000
2016-05-22 21:52:59.276000,1.12202,1.12182,1500000,1500000
2016-05-22 21:52:59.428000,1.12203,1.12180,2250000,1500000
2016-05-22 21:53:06.566000,1.12202,1.12180,1000000,1500000
2016-05-22 21:53:07.071000,1.12202,1.12181,2250000,1500000
2016-05-22 21:53:08.529000,1.12202,1.12180,2250000,1500000
2016-05-22 21:53:23.162000,1.12202,1.12181,2250000,1500000
2016-05-22 21:53:23.365000,1.12205,1.12177,3750000,1500000
2016-05-22 21:53:23.567000,1.12205,1.12174,3750000,2250000
2016-05-22 21:53:25.800000,1.12205,1.12175,3750000,1000000
2016-05-22 21:53:28.875000,1.12206,1.12175,2250000,3750000
2016-05-22 21:53:34.540000,1.12206,1.12176,1500000,1000000
2016-05-22 21:53:35.192000,1.12207,1.12176,2250000,1000000
2016-05-22 21:53:48.303000,1.12207,1.12175,1500000,5250000
2016-05-22 21:53:51.109000,1.12208,1.12175,1500000,3750000
2016-05-22 21:53:51.625000,1.12207,1.12175,1500000,3750000
2016-05-22 21:53:53.030000,1.12209,1.12176,1500000,1500000
2016-05-22 21:53:53.616000,1.12210,1.12175,3750000,3750000
2016-05-22 21:53:54.217000,1.12209,1.12176,1500000,1500000
2016-05-22 21:53:56.940000,1.12199,1.12175,1500000,1500000
2016-05-22 21:53:57.245000,1.12196,1.12182,1000000,1500000
2016-05-22 21:54:01.460000,1.12200,1.12180,1000000,1500000
2016-05-22 21:54:01.512000,1.12204,1.12180,3000000,1500000
2016-05-22 21:54:01.563000,1.12206,1.12177,1500000,1000000
2016-05-22 21:54:01.665000,1.12208,1.12178,2250000,1500000
2016-05-22 21:54:01.766000,1.12211,1.12178,1000000,2250000
2016-05-22 21:54:06.911000,1.12212,1.12179,2250000,1000000
2016-05-22 21:54:17.982000,1.12211,1.12178,1000000,3000000
2016-05-22 21:54:23.103000,1.12212,1.12178,1000000,2250000
2016-05-22 21:54:46.205000,1.12213,1.12178,2250000,3750000
2016-05-22 21:54:54.320000,1.12212,1.12177,1000000,4500000
2016-05-22 21:55:03.526000,1.12212,1.12178,2250000,1500000
2016-05-22 21:55:05.721000,1.12212,1.12177,2250000,1500000
2016-05-22 21:55:08.626000,1.12212,1.12178,1000000,1500000
2016-05-22 21:55:11.211000,1.12211,1.12178,1500000,1000000
2016-05-22 21:55:11.730000,1.12211,1.12177,1500000,1500000
2016-05-22 21:55:12.936000,1.12212,1.12177,2250000,1500000
2016-05-22 21:55:13.484000,1.12211,1.12178,1500000,1500000
2016-05-22 21:55:13.788000,1.12209,1.12178,1000000,1500000
2016-05-22 21:55:14.185000,1.12209,1.12177,1260000,2250000
2016-05-22 21:55:15.641000,1.12209,1.12178,1260000,1500000
2016-05-22 21:55:16.195000,1.12211,1.12178,1500000,1500000
2016-05-22 21:55:16.347000,1.12213,1.12178,2250000,1000000
2016-05-22 21:55:22.116000,1.12209,1.12178,1000000,1500000
2016-05-22 21:55:22.369000,1.12208,1.12174,3260000,1500000
2016-05-22 21:55:22.633000,1.12209,1.12174,2250000,1500000
2016-05-22 21:55:23.163000,1.12208,1.12174,1500000,1500000
2016-05-22 21:55:24.565000,1.12209,1.12174,2250000,1500000
2016-05-22 21:55:25.168000,1.12208,1.12174,1500000,1500000
2016-05-22 21:55:27.676000,1.12210,1.12174,1000000,3750000
2016-05-22 21:55:32.727000,1.12211,1.12174,1000000,1500000
2016-05-22 21:55:33.182000,1.12211,1.12177,1000000,1500000
2016-05-22 21:55:38.187000,1.12212,1.12177,2250000,1500000
2016-05-22 21:55:43.600000,1.12213,1.12177,2250000,1500000
2016-05-22 21:55:51.285000,1.12213,1.12176,1000000,3750000
2016-05-22 21:56:02.359000,1.12201,1.12183,1000000,1500000
2016-05-22 21:56:02.627000,1.12203,1.12180,1500000,1500000
2016-05-22 21:56:02.678000,1.12203,1.12176,1000000,1000000
2016-05-22 21:56:02.729000,1.12206,1.12177,1000000,1000000
2016-05-22 21:56:02.831000,1.12209,1.12178,1000000,1000000
2016-05-22 21:56:02.933000,1.12212,1.12175,2250000,2250000
2016-05-22 21:56:03.443000,1.12212,1.12176,2250000,1500000
2016-05-22 21:56:09.259000,1.12213,1.12176,2250000,2250000
2016-05-22 21:56:11.184000,1.12213,1.12177,2250000,1000000
2016-05-22 21:56:20.128000,1.12214,1.12177,3000000,1500000
2016-05-22 21:57:30.134000,1.12214,1.12176,1500000,1000000
2016-05-22 21:57:42.939000,1.12214,1.12177,1000000,1000000
2016-05-22 21:57:55.210000,1.12214,1.12176,1000000,3000000
2016-05-22 21:58:16.792000,1.12214,1.12175,1000000,5250000
2016-05-22 21:58:25.812000,1.12214,1.12176,1000000,1000000
2016-05-22 21:58:28.069000,1.12214,1.12175,1000000,4500000
2016-05-22 21:58:31.472000,1.12214,1.12174,1000000,4500000
2016-05-22 21:58:31.876000,1.12214,1.12176,1000000,1500000
2016-05-22 21:58:49.310000,1.12213,1.12178,1000000,1000000
2016-05-22 21:58:49.615000,1.12210,1.12177,1000000,1500000
2016-05-22 21:58:50.022000,1.12208,1.12176,1000000,1500000
2016-05-22 21:58:50.175000,1.12210,1.12176,2250000,1500000
2016-05-22 21:58:50.226000,1.12210,1.12186,1000000,1500000
2016-05-22 21:58:50.480000,1.12210,1.12182,1000000,2250000
2016-05-22 21:58:50.581000,1.12212,1.12180,1500000,1500000
2016-05-22 21:58:50.683000,1.12212,1.12177,2250000,2620000
2016-05-22 21:58:51.189000,1.12212,1.12176,2250000,2250000
2016-05-22 21:58:51.443000,1.12209,1.12175,1000000,3900000
2016-05-22 21:58:51.747000,1.12211,1.12175,1500000,3750000
2016-05-22 21:58:51.848000,1.12211,1.12180,1500000,1000000
2016-05-22 21:58:52.152000,1.12211,1.12185,1370000,1500000
2016-05-22 21:58:52.203000,1.12211,1.12178,1000000,1120000
2016-05-22 21:58:52.256000,1.12211,1.12180,1000000,1000000
2016-05-22 21:58:52.561000,1.12212,1.12182,4120000,1500000
2016-05-22 21:58:52.866000,1.12207,1.12184,1000000,1500000
2016-05-22 21:58:53.170000,1.12207,1.12188,2250000,1500000
2016-05-22 21:58:53.221000,1.12210,1.12187,1500000,3000000
2016-05-22 21:58:53.323000,1.12209,1.12181,1000000,1500000
2016-05-22 21:58:53.425000,1.12208,1.12192,1500000,1500000
2016-05-22 21:58:53.527000,1.12209,1.12186,1000000,1500000
2016-05-22 21:58:53.633000,1.12213,1.12182,4120000,2250000
2016-05-22 21:58:53.685000,1.12213,1.12182,4120000,1500000
2016-05-22 21:58:53.736000,1.12212,1.12179,1500000,1370000
2016-05-22 21:58:53.787000,1.12212,1.12188,1500000,1500000
2016-05-22 21:58:53.989000,1.12211,1.12185,1500000,1500000
2016-05-22 21:58:54.091000,1.12209,1.12191,1000000,1500000
2016-05-22 21:58:54.197000,1.12208,1.12185,1000000,2250000
2016-05-22 21:58:54.298000,1.12211,1.12183,1500000,2250000
2016-05-22 21:58:54.451000,1.12212,1.12179,1500000,1870000
2016-05-22 21:58:54.533000,1.12212,1.12177,1500000,3370000
2016-05-22 21:58:54.787000,1.12211,1.12183,1500000,1500000
2016-05-22 21:58:55.082000,1.12210,1.12177,1000000,2250000
2016-05-22 21:58:55.285000,1.12209,1.12182,1500000,1500000
2016-05-22 21:58:55.336000,1.12212,1.12182,3750000,1500000
2016-05-22 21:58:55.387000,1.12212,1.12180,3750000,1500000
2016-05-22 21:58:55.438000,1.12212,1.12182,1500000,1000000
2016-05-22 21:58:55.540000,1.12212,1.12179,1500000,1870000
2016-05-22 21:58:55.641000,1.12212,1.12177,1500000,2250000
2016-05-22 21:58:55.844000,1.12211,1.12175,1500000,1870000
2016-05-22 21:58:55.996000,1.12208,1.12175,1000000,1000000
2016-05-22 21:58:56.300000,1.12206,1.12175,1500000,1000000
2016-05-22 21:58:56.604000,1.12204,1.12185,1000000,1500000
2016-05-22 21:58:56.655000,1.12207,1.12185,2250000,1500000
2016-05-22 21:58:56.706000,1.12207,1.12183,1500000,1500000
2016-05-22 21:58:56.808000,1.12207,1.12181,1500000,1500000
2016-05-22 21:58:56.859000,1.12207,1.12179,1500000,1870000
2016-05-22 21:58:56.910000,1.12207,1.12190,1500000,1500000
2016-05-22 21:58:57.011000,1.12207,1.12185,2250000,1000000
2016-05-22 21:58:57.163000,1.12208,1.12183,2250000,1500000
2016-05-22 21:58:57.232000,1.12208,1.12178,2250000,1120000
2016-05-22 21:58:57.283000,1.12207,1.12180,1500000,1000000
2016-05-22 21:58:57.590000,1.12204,1.12187,1000000,1500000
2016-05-22 21:58:57.843000,1.12204,1.12183,1000000,1500000
2016-05-22 21:58:57.895000,1.12207,1.12183,1870000,1500000
2016-05-22 21:58:57.996000,1.12207,1.12175,1500000,4120000
2016-05-22 21:58:58.105000,1.12208,1.12188,2250000,1500000
2016-05-22 21:58:58.207000,1.12205,1.12184,1000000,1500000
2016-05-22 21:58:58.308000,1.12207,1.12184,1500000,1500000
2016-05-22 21:58:58.359000,1.12207,1.12182,1500000,1500000
2016-05-22 21:58:58.410000,1.12207,1.12188,1500000,1500000
2016-05-22 21:58:58.613000,1.12206,1.12184,1500000,1000000
2016-05-22 21:58:58.714000,1.12206,1.12182,1500000,1000000
2016-05-22 21:58:58.765000,1.12208,1.12179,1000000,1870000
2016-05-22 21:58:58.816000,1.12208,1.12179,1000000,1000000
2016-05-22 21:58:58.918000,1.12208,1.12188,1000000,1500000
2016-05-22 21:58:59.019000,1.12208,1.12186,1500000,2250000
2016-05-22 21:58:59.171000,1.12208,1.12184,1000000,2250000
2016-05-22 21:58:59.222000,1.12208,1.12179,1000000,1870000
2016-05-22 21:58:59.273000,1.12206,1.12179,1500000,1870000
2016-05-22 21:58:59.596000,1.12207,1.12183,1500000,1500000
2016-05-22 21:58:59.647000,1.12207,1.12180,1500000,1870000
2016-05-22 21:58:59.749000,1.12206,1.12192,1500000,1500000
2016-05-22 21:58:59.851000,1.12209,1.12184,1000000,3000000
2016-05-22 21:58:59.902000,1.12210,1.12182,1500000,1500000
2016-05-22 21:58:59.954000,1.12210,1.12178,1500000,3750000
2016-05-22 21:59:00.005000,1.12210,1.12178,3000000,1870000
2016-05-22 21:59:00.309000,1.12210,1.12190,3000000,1500000
2016-05-22 21:59:00.411000,1.12210,1.12185,3000000,1500000
2016-05-22 21:59:00.462000,1.12210,1.12183,3000000,2620000
2016-05-22 21:59:00.513000,1.12210,1.12181,3000000,1500000
2016-05-22 21:59:00.615000,1.12210,1.12176,1000000,1370000
2016-05-22 21:59:00.716000,1.12210,1.12176,3750000,3000000
2016-05-22 21:59:00.818000,1.12210,1.12186,3750000,1500000
2016-05-22 21:59:00.919000,1.12208,1.12181,1000000,1000000
2016-05-22 21:59:01.021000,1.12210,1.12191,3750000,1500000
2016-05-22 21:59:01.123000,1.12209,1.12186,1000000,1500000
2016-05-22 21:59:01.275000,1.12210,1.12184,3000000,1500000
2016-05-22 21:59:01.326000,1.12210,1.12181,3000000,1000000
2016-05-22 21:59:01.428000,1.12210,1.12177,3000000,1500000
2016-05-22 21:59:01.631000,1.12210,1.12179,3000000,1000000
2016-05-22 21:59:01.733000,1.12210,1.12176,3750000,3000000
2016-05-22 21:59:02.189000,1.12207,1.12176,750000,2250000
2016-05-22 21:59:02.493000,1.12207,1.12183,2250000,1500000
2016-05-22 21:59:02.951000,1.12206,1.12191,1500000,1500000
2016-05-22 21:59:03.053000,1.12207,1.12185,750000,1500000
2016-05-22 21:59:03.104000,1.12210,1.12183,3000000,1500000
2016-05-22 21:59:03.155000,1.12210,1.12181,3000000,750000
2016-05-22 21:59:03.206000,1.12205,1.12181,750000,370000
2016-05-22 21:59:03.460000,1.12208,1.12182,2250000,1500000
2016-05-22 21:59:03.561000,1.12208,1.12179,1500000,370000
2016-05-22 21:59:03.612000,1.12205,1.12189,2250000,1500000
2016-05-22 21:59:03.714000,1.12205,1.12184,3000000,3000000
2016-05-22 21:59:03.815000,1.12205,1.12181,1500000,3000000
2016-05-22 21:59:03.917000,1.12205,1.12189,750000,1500000
2016-05-22 21:59:04.120000,1.12204,1.12184,1500000,1500000
2016-05-22 21:59:04.171000,1.12204,1.12182,1500000,370000
2016-05-22 21:59:04.222000,1.12204,1.12180,1500000,750000
2016-05-22 21:59:04.324000,1.12205,1.12188,4500000,1500000
2016-05-22 21:59:04.526000,1.12204,1.12183,1500000,750000
2016-05-22 21:59:04.577000,1.12205,1.12181,4500000,3000000
2016-05-22 21:59:04.830000,1.12205,1.12188,3000000,1500000
2016-05-22 21:59:04.932000,1.12204,1.12183,1500000,750000
2016-05-22 21:59:05.084000,1.12204,1.12180,1500000,1500000
2016-05-22 21:59:05.135000,1.12204,1.12187,1500000,1500000
2016-05-22 21:59:05.237000,1.12204,1.12185,2250000,1500000
2016-05-22 21:59:05.338000,1.12204,1.12182,1500000,750000
2016-05-22 21:59:05.389000,1.12204,1.12180,1500000,3000000
2016-05-22 21:59:05.541000,1.12204,1.12184,1500000,1500000
2016-05-22 21:59:05.795000,1.12208,1.12182,1500000,1500000
2016-05-22 21:59:05.846000,1.12205,1.12182,750000,750000
2016-05-22 21:59:06.150000,1.12205,1.12180,1500000,750000
2016-05-22 21:59:06.201000,1.12207,1.12179,1500000,1500000
2016-05-22 21:59:06.353000,1.12207,1.12183,1500000,1500000
2016-05-22 21:59:06.608000,1.12207,1.12180,1500000,1870000
2016-05-22 21:59:06.892000,1.12207,1.12184,1500000,2250000
2016-05-22 21:59:06.996000,1.12207,1.12180,1500000,2250000
2016-05-22 21:59:07.097000,1.12207,1.12178,1500000,1500000
2016-05-22 21:59:07.148000,1.12207,1.12184,1500000,1500000
2016-05-22 21:59:07.352000,1.12211,1.12182,1870000,750000
2016-05-22 21:59:07.506000,1.12211,1.12179,1500000,1500000
2016-05-22 21:59:07.565000,1.12211,1.12190,1500000,1500000
2016-05-22 21:59:07.717000,1.12211,1.12187,1500000,1500000
2016-05-22 21:59:07.819000,1.12211,1.12185,1500000,1500000
2016-05-22 21:59:07.873000,1.12208,1.12183,750000,370000
2016-05-22 21:59:08.186000,1.12207,1.12181,1500000,1500000
2016-05-22 21:59:08.287000,1.12207,1.12179,1500000,750000
2016-05-22 21:59:08.440000,1.12207,1.12176,1500000,2250000
2016-05-22 21:59:08.642000,1.12207,1.12190,1500000,1500000
2016-05-22 21:59:08.744000,1.12207,1.12183,2250000,2250000
2016-05-22 21:59:08.795000,1.12207,1.12185,2250000,750000
2016-05-22 21:59:09.099000,1.12207,1.12191,1500000,1500000
2016-05-22 21:59:09.150000,1.12207,1.12186,1500000,1500000
2016-05-22 21:59:09.274000,1.12207,1.12179,1500000,750000
2016-05-22 21:59:09.325000,1.12207,1.12192,1500000,1500000
2016-05-22 21:59:09.427000,1.12207,1.12184,1500000,3750000
2016-05-22 21:59:09.478000,1.12207,1.12186,1500000,750000
2016-05-22 21:59:09.631000,1.12207,1.12182,1500000,1500000
2016-05-22 21:59:09.682000,1.12211,1.12183,1500000,750000
2016-05-22 21:59:09.733000,1.12210,1.12190,750000,1500000
2016-05-22 21:59:09.835000,1.12208,1.12183,1500000,1870000
2016-05-22 21:59:09.937000,1.12208,1.12181,1500000,1500000
2016-05-22 21:59:10.140000,1.12208,1.12185,1500000,1500000
2016-05-22 21:59:10.241000,1.12208,1.12182,1500000,750000
2016-05-22 21:59:10.343000,1.12208,1.12184,1500000,750000
2016-05-22 21:59:10.647000,1.12208,1.12186,1500000,1500000
2016-05-22 21:59:10.749000,1.12208,1.12182,1500000,370000
2016-05-22 21:59:10.800000,1.12211,1.12182,1500000,370000
2016-05-22 21:59:10.851000,1.12210,1.12191,750000,1500000
2016-05-22 21:59:10.953000,1.12210,1.12184,750000,750000
2016-05-22 21:59:11.105000,1.12212,1.12185,2250000,750000
2016-05-22 21:59:11.156000,1.12212,1.12180,2250000,750000
2016-05-22 21:59:11.257000,1.12206,1.12183,750000,1500000
2016-05-22 21:59:11.561000,1.12208,1.12185,1500000,1500000
2016-05-22 21:59:11.663000,1.12208,1.12183,1500000,750000
2016-05-22 21:59:11.788000,1.12208,1.12190,1500000,1500000
2016-05-22 21:59:11.941000,1.12208,1.12187,1500000,2250000
2016-05-22 21:59:11.993000,1.12210,1.12187,1500000,2250000
2016-05-22 21:59:12.044000,1.12212,1.12189,2250000,1500000
2016-05-22 21:59:12.348000,1.12213,1.12184,750000,1500000
2016-05-22 21:59:12.450000,1.12210,1.12186,750000,1500000
2016-05-22 21:59:12.754000,1.12212,1.12186,2250000,1500000
2016-05-22 21:59:12.805000,1.12208,1.12186,750000,750000
2016-05-22 21:59:13.058000,1.12208,1.12183,2250000,750000
2016-05-22 21:59:13.160000,1.12208,1.12191,2250000,1500000
2016-05-22 21:59:13.262000,1.12208,1.12185,2250000,2250000
2016-05-22 21:59:13.464000,1.12208,1.12179,2250000,1500000
2016-05-22 21:59:13.566000,1.12208,1.12193,3000000,1500000
2016-05-22 21:59:13.769000,1.12208,1.12186,2250000,1500000
2016-05-22 21:59:13.870000,1.12208,1.12182,2250000,750000
2016-05-22 21:59:13.972000,1.12208,1.12192,2250000,1500000
2016-05-22 21:59:14.023000,1.12208,1.12185,2250000,1500000
2016-05-22 21:59:14.329000,1.12208,1.12191,2250000,1500000
2016-05-22 21:59:14.430000,1.12208,1.12186,2250000,750000
2016-05-22 21:59:14.582000,1.12208,1.12180,2250000,750000
2016-05-22 21:59:14.684000,1.12208,1.12176,2250000,3000000
2016-05-22 21:59:14.736000,1.12208,1.12192,2250000,1500000
2016-05-22 21:59:14.837000,1.12208,1.12185,2250000,2250000
2016-05-22 21:59:14.939000,1.12208,1.12181,2250000,370000
2016-05-22 21:59:15.040000,1.12208,1.12191,750000,1500000
2016-05-22 21:59:15.142000,1.12208,1.12188,2250000,1500000
2016-05-22 21:59:15.247000,1.12208,1.12185,1500000,750000
2016-05-22 21:59:15.298000,1.12211,1.12183,1500000,750000
2016-05-22 21:59:15.349000,1.12211,1.12192,1500000,1500000
2016-05-22 21:59:15.552000,1.12208,1.12184,2250000,1500000
2016-05-22 21:59:15.653000,1.12207,1.12189,750000,1500000
2016-05-22 21:59:15.856000,1.12207,1.12184,750000,1500000
2016-05-22 21:59:15.958000,1.12208,1.12181,2250000,750000
2016-05-22 21:59:16.059000,1.12208,1.12179,2250000,750000
2016-05-22 21:59:16.161000,1.12208,1.12177,2250000,1500000
2016-05-22 21:59:16.262000,1.12208,1.12180,2250000,750000
2016-05-22 21:59:16.566000,1.12211,1.12184,1500000,1500000
2016-05-22 21:59:16.971000,1.12211,1.12187,2250000,1500000
2016-05-22 21:59:17.072000,1.12211,1.12182,1500000,750000
2016-05-22 21:59:17.174000,1.12211,1.12192,1500000,1500000
2016-05-22 21:59:17.275000,1.12211,1.12185,1500000,750000
2016-05-22 21:59:17.478000,1.12211,1.12179,1500000,3000000
2016-05-22 21:59:17.529000,1.12209,1.12190,750000,1500000
2016-05-22 21:59:17.639000,1.12211,1.12185,1500000,1500000
2016-05-22 21:59:17.741000,1.12212,1.12183,2250000,750000
2016-05-22 21:59:17.893000,1.12211,1.12180,1500000,1870000
2016-05-22 21:59:18.096000,1.12208,1.12178,750000,3000000
2016-05-22 21:59:19.360000,1.12208,1.12176,2250000,3000000
2016-05-22 21:59:19.411000,1.12208,1.12178,2250000,750000
2016-05-22 21:59:19.566000,1.12208,1.12176,2250000,1500000
2016-05-22 21:59:20.021000,1.12204,1.12177,750000,750000
2016-05-22 21:59:20.325000,1.12204,1.12179,1500000,750000
2016-05-22 21:59:20.579000,1.12207,1.12179,1500000,2250000
2016-05-22 21:59:20.680000,1.12206,1.12183,750000,750000
2016-05-22 21:59:20.883000,1.12207,1.12180,1500000,2620000
2016-05-22 21:59:20.984000,1.12207,1.12178,1500000,1500000
2016-05-22 21:59:21.035000,1.12207,1.12188,1500000,1500000
2016-05-22 21:59:21.238000,1.12207,1.12186,1500000,750000
2016-05-22 21:59:21.391000,1.12207,1.12182,1500000,750000
2016-05-22 21:59:21.543000,1.12206,1.12193,750000,1500000
2016-05-22 21:59:21.644000,1.12206,1.12186,750000,750000
2016-05-22 21:59:21.796000,1.12207,1.12184,1500000,750000
2016-05-22 21:59:21.898000,1.12206,1.12180,750000,370000
2016-05-22 21:59:21.949000,1.12206,1.12192,750000,1500000
2016-05-22 21:59:22.051000,1.12207,1.12185,1500000,2250000
2016-05-22 21:59:22.203000,1.12211,1.12184,2250000,750000
2016-05-22 21:59:22.361000,1.12209,1.12192,750000,1500000
2016-05-22 21:59:22.462000,1.12211,1.12186,2250000,1500000
2016-05-22 21:59:22.564000,1.12211,1.12180,2250000,750000
2016-05-22 21:59:22.716000,1.12211,1.12182,750000,1500000
2016-05-22 21:59:23.527000,1.12211,1.12181,750000,1500000
2016-05-22 21:59:24.113000,1.12211,1.12180,750000,1500000
2016-05-22 21:59:24.620000,1.12211,1.12179,750000,750000
2016-05-22 21:59:27.335000,1.12212,1.12180,750000,750000
2016-05-22 21:59:44.118000,1.12212,1.12179,750000,2250000
2016-05-22 21:59:56.800000,1.12212,1.12178,750000,2250000
2016-05-22 21:59:57.306000,1.12212,1.12179,750000,1500000
2016-05-22 21:59:58.685000,1.12212,1.12178,750000,2250000
2016-05-22 21:59:59.215000,1.12212,1.12179,750000,1500000
2016-05-22 21:59:59.739000,1.12213,1.12179,750000,1500000
2016-05-22 22:00:00.154000,1.12210,1.12182,750000,1500000
2016-05-22 22:00:00.472000,1.12190,1.12182,370000,750000
2016-05-22 22:00:00.524000,1.12198,1.12182,1500000,750000
2016-05-22 22:00:00.587000,1.12198,1.12179,1500000,3000000
2016-05-22 22:00:00.946000,1.12200,1.12179,3000000,2250000
2016-05-22 22:00:01.352000,1.12202,1.12180,2250000,1500000
2016-05-22 22:00:01.408000,1.12202,1.12185,2250000,1500000
2016-05-22 22:00:01.509000,1.12200,1.12181,1500000,1500000
2016-05-22 22:00:01.560000,1.12202,1.12181,2250000,1500000
2016-05-22 22:00:01.955000,1.12200,1.12187,300000,1500000
2016-05-22 22:00:02.114000,1.12203,1.12182,1500000,1500000
2016-05-22 22:00:02.420000,1.12203,1.12185,3000000,1500000
2016-05-22 22:00:02.726000,1.12203,1.12187,3000000,750000
2016-05-22 22:00:03.683000,1.12202,1.12187,750000,750000
2016-05-22 22:00:03.987000,1.12199,1.12187,370000,750000
2016-05-22 22:00:04.763000,1.12199,1.12188,750000,1500000
2016-05-22 22:00:05.068000,1.12194,1.12187,750000,750000
2016-05-22 22:00:05.574000,1.12194,1.12185,750000,3000000
2016-05-22 22:00:07.366000,1.12194,1.12184,750000,3000000
2016-05-22 22:00:07.875000,1.12194,1.12185,750000,1500000
2016-05-22 22:00:08.437000,1.12194,1.12184,750000,1500000
2016-05-22 22:00:08.944000,1.12194,1.12183,750000,1500000
2016-05-22 22:00:09.096000,1.12198,1.12183,3000000,1500000
2016-05-22 22:00:09.249000,1.12198,1.12185,750000,1500000
2016-05-22 22:00:09.305000,1.12201,1.12185,1870000,3000000
2016-05-22 22:00:09.539000,1.12199,1.12185,750000,3000000
2016-05-22 22:00:09.843000,1.12201,1.12187,2250000,750000
2016-05-22 22:00:10.350000,1.12200,1.12187,750000,750000
2016-05-22 22:00:10.452000,1.12203,1.12187,3000000,2250000
2016-05-22 22:00:10.907000,1.12201,1.12187,750000,3000000
2016-05-22 22:00:11.127000,1.12203,1.12187,3000000,750000
2016-05-22 22:00:11.432000,1.12201,1.12187,750000,750000
2016-05-22 22:00:11.888000,1.12200,1.12185,2250000,3000000
2016-05-22 22:00:12.091000,1.12200,1.12188,3750000,750000
2016-05-22 22:00:12.243000,1.12200,1.12185,1500000,5250000
2016-05-22 22:00:12.447000,1.12202,1.12185,3000000,2250000
2016-05-22 22:00:13.016000,1.12201,1.12185,750000,5250000
2016-05-22 22:00:13.523000,1.12204,1.12185,4120000,3750000
2016-05-22 22:00:13.676000,1.12202,1.12186,750000,1500000
2016-05-22 22:00:13.777000,1.12204,1.12186,3750000,1500000
2016-05-22 22:00:13.930000,1.12201,1.12185,750000,5250000
2016-05-22 22:00:14.190000,1.12204,1.12185,3750000,3750000
2016-05-22 22:00:14.241000,1.12202,1.12186,750000,1500000
2016-05-22 22:00:14.648000,1.12198,1.12186,750000,560000
2016-05-22 22:00:15.034000,1.12194,1.12186,750000,560000
2016-05-22 22:00:15.289000,1.12199,1.12185,750000,4160000
2016-05-22 22:00:15.839000,1.12201,1.12186,750000,560000
2016-05-22 22:00:16.043000,1.12202,1.12188,750000,1500000
2016-05-22 22:00:16.094000,1.12204,1.12188,520000,1500000
2016-05-22 22:00:16.792000,1.12207,1.12188,6750000,1500000
2016-05-22 22:00:17.045000,1.12201,1.12188,750000,1500000
2016-05-22 22:00:17.838000,1.12203,1.12188,750000,2250000
2016-05-22 22:00:18.347000,1.12204,1.12190,750000,1500000
2016-05-22 22:00:18.857000,1.12203,1.12189,750000,560000
2016-05-22 22:00:19.435000,1.12204,1.12189,750000,2060000
2016-05-22 22:00:21.372000,1.12204,1.12190,1120000,1500000
2016-05-22 22:00:23.372000,1.12204,1.12195,750000,750000
2016-05-22 22:00:23.727000,1.12206,1.12195,1500000,3750000
2016-05-22 22:00:26.730000,1.12204,1.12195,370000,3750000
2016-05-22 22:00:28.368000,1.12204,1.12196,450000,750000
2016-05-22 22:00:33.103000,1.12204,1.12197,670000,750000
2016-05-22 22:00:33.646000,1.12204,1.12198,1120000,750000
2016-05-22 22:00:35.192000,1.12202,1.12198,100000,2250000
2016-05-22 22:00:35.726000,1.12203,1.12198,750000,2250000
2016-05-22 22:00:36.242000,1.12202,1.12198,750000,3000000
2016-05-22 22:00:36.757000,1.12203,1.12198,750000,2250000
2016-05-22 22:00:37.279000,1.12204,1.12198,750000,3750000
2016-05-22 22:00:37.330000,1.12208,1.12198,370000,3750000
2016-05-22 22:00:37.432000,1.12214,1.12199,1500000,1500000
2016-05-22 22:00:37.957000,1.12214,1.12198,1200000,3750000
2016-05-22 22:00:38.463000,1.12214,1.12199,450000,1500000
2016-05-22 22:00:39.474000,1.12209,1.12200,150000,1500000
2016-05-22 22:00:40.544000,1.12212,1.12200,100000,1500000
2016-05-22 22:00:40.595000,1.12214,1.12200,450000,1500000
2016-05-22 22:00:41.101000,1.12214,1.12199,450000,1500000
2016-05-22 22:00:48.548000,1.12214,1.12200,1120000,370000
2016-05-22 22:00:49.065000,1.12214,1.12199,2250000,3750000
2016-05-22 22:00:49.571000,1.12214,1.12200,1870000,2250000
2016-05-22 22:00:52.406000,1.12214,1.12201,750000,1500000
2016-05-22 22:00:56.921000,1.12214,1.12202,450000,1500000
2016-05-22 22:00:57.981000,1.12213,1.12202,750000,1500000
2016-05-22 22:00:58.488000,1.12212,1.12202,750000,1500000
2016-05-22 22:01:01.022000,1.12214,1.12202,1200000,1500000
2016-05-22 22:01:01.835000,1.12214,1.12199,1200000,1120000
2016-05-22 22:01:02.847000,1.12214,1.12198,450000,3000000
2016-05-22 22:01:04.857000,1.12213,1.12198,750000,4120000
2016-05-22 22:01:06.273000,1.12214,1.12198,1200000,1870000
2016-05-22 22:01:07.530000,1.12212,1.12197,370000,1500000
2016-05-22 22:01:08.079000,1.12211,1.12197,3300000,1870000
2016-05-22 22:01:08.384000,1.12213,1.12197,1870000,2620000
2016-05-22 22:01:08.435000,1.12210,1.12197,370000,2620000
2016-05-22 22:01:08.936000,1.12212,1.12197,750000,1870000
2016-05-22 22:01:09.088000,1.12210,1.12197,370000,1870000
2016-05-22 22:01:09.596000,1.12212,1.12197,750000,1870000
2016-05-22 22:01:09.799000,1.12207,1.12197,750000,3000000
2016-05-22 22:01:11.415000,1.12205,1.12197,750000,2620000
2016-05-22 22:01:15.660000,1.12206,1.12197,750000,750000
2016-05-22 22:01:17.061000,1.12207,1.12197,750000,1500000
2016-05-22 22:01:28.643000,1.12208,1.12197,2250000,750000
2016-05-22 22:01:29.185000,1.12207,1.12197,750000,750000
2016-05-22 22:01:35.183000,1.12208,1.12197,1500000,4120000
2016-05-22 22:01:35.387000,1.12210,1.12197,1120000,2620000
2016-05-22 22:01:35.893000,1.12211,1.12197,3000000,2620000
2016-05-22 22:01:36.408000,1.12210,1.12197,3340000,3370000
2016-05-22 22:01:44.883000,1.12210,1.12198,2210000,750000
2016-05-22 22:01:45.485000,1.12209,1.12197,900000,750000
2016-05-22 22:01:45.931000,1.12209,1.12194,1870000,750000
2016-05-22 22:01:45.984000,1.12206,1.12191,750000,300000
2016-05-22 22:01:46.695000,1.12207,1.12191,100000,450000
2016-05-22 22:01:47.289000,1.12205,1.12191,750000,1200000
2016-05-22 22:01:47.493000,1.12204,1.12188,1650000,750000
2016-05-22 22:01:47.900000,1.12202,1.12186,750000,1870000
2016-05-22 22:01:48.205000,1.12204,1.12189,450000,750000
2016-05-22 22:01:48.459000,1.12203,1.12186,1500000,1120000
2016-05-22 22:01:48.698000,1.12204,1.12189,820000,1500000
2016-05-22 22:01:49.002000,1.12199,1.12186,450000,450000
2016-05-22 22:01:51.085000,1.12198,1.12183,750000,100000
2016-05-22 22:01:51.493000,1.12197,1.12181,750000,1200000
2016-05-22 22:01:51.928000,1.12199,1.12182,300000,750000
2016-05-22 22:01:51.979000,1.12197,1.12181,1500000,1200000
2016-05-22 22:01:52.283000,1.12199,1.12183,1200000,750000
2016-05-22 22:01:52.791000,1.12198,1.12182,1500000,750000
2016-05-22 22:01:53.138000,1.12199,1.12186,450000,450000
2016-05-22 22:01:53.647000,1.12198,1.12186,1500000,450000
2016-05-22 22:01:54.155000,1.12197,1.12186,820000,450000
2016-05-22 22:01:54.669000,1.12196,1.12186,5250000,1120000
2016-05-22 22:01:58.112000,1.12196,1.12187,3000000,370000
2016-05-22 22:01:58.417000,1.12188,1.12173,750000,750000
2016-05-22 22:01:58.875000,1.12189,1.12171,1050000,3750000
2016-05-22 22:01:59.332000,1.12192,1.12172,370000,750000
2016-05-22 22:01:59.485000,1.12190,1.12172,1870000,1500000
2016-05-22 22:01:59.739000,1.12193,1.12172,1500000,750000
2016-05-22 22:01:59.891000,1.12190,1.12177,1870000,1870000
2016-05-22 22:02:00.298000,1.12188,1.12176,750000,900000
2016-05-22 22:02:00.399000,1.12190,1.12176,3750000,1420000
2016-05-22 22:02:00.450000,1.12192,1.12177,750000,370000
2016-05-22 22:02:00.673000,1.12190,1.12176,2250000,750000
2016-05-22 22:02:00.825000,1.12193,1.12177,750000,1500000
2016-05-22 22:02:00.927000,1.12190,1.12177,3750000,1120000
2016-05-22 22:02:01.333000,1.12194,1.12178,6370000,750000
2016-05-22 22:02:01.434000,1.12189,1.12177,4870000,750000
2016-05-22 22:02:03.633000,1.12189,1.12181,2250000,450000
2016-05-22 22:02:03.735000,1.12194,1.12181,370000,450000
2016-05-22 22:02:03.938000,1.12190,1.12181,4200000,450000
2016-05-22 22:02:04.076000,1.12190,1.12177,5620000,750000
2016-05-22 22:02:04.431000,1.12192,1.12177,1500000,750000
2016-05-22 22:02:04.533000,1.12188,1.12177,2620000,750000
2016-05-22 22:02:10.661000,1.12188,1.12178,4500000,750000
2016-05-22 22:02:10.866000,1.12190,1.12178,750000,750000
2016-05-22 22:02:11.222000,1.12192,1.12178,750000,750000
2016-05-22 22:02:11.323000,1.12189,1.12178,1120000,750000
2016-05-22 22:02:13.663000,1.12189,1.12177,5620000,2250000
2016-05-22 22:02:13.816000,1.12190,1.12175,3750000,750000
2016-05-22 22:02:14.323000,1.12189,1.12176,750000,3370000
2016-05-22 22:02:14.424000,1.12192,1.12176,3750000,3670000
2016-05-22 22:02:14.542000,1.12189,1.12176,1500000,4120000
2016-05-22 22:02:14.899000,1.12190,1.12179,6370000,750000
2016-05-22 22:02:15.052000,1.12193,1.12179,750000,750000
2016-05-22 22:02:15.155000,1.12190,1.12179,1500000,750000
2016-05-22 22:02:15.766000,1.12189,1.12179,750000,750000
2016-05-22 22:02:18.538000,1.12190,1.12179,3750000,750000
2016-05-22 22:02:19.073000,1.12189,1.12179,750000,750000
2016-05-22 22:02:25.509000,1.12190,1.12179,3000000,750000
2016-05-22 22:02:29.468000,1.12190,1.12181,3750000,1120000
2016-05-22 22:02:29.672000,1.12195,1.12181,100000,1050000
2016-05-22 22:02:29.774000,1.12191,1.12181,1120000,1200000
2016-05-22 22:02:30.209000,1.12191,1.12183,5620000,1500000
2016-05-22 22:02:31.237000,1.12191,1.12182,4500000,3000000
2016-05-22 22:02:31.772000,1.12191,1.12183,4500000,1500000
2016-05-22 22:02:32.427000,1.12191,1.12182,4500000,3000000
2016-05-22 22:02:32.813000,1.12191,1.12184,4500000,750000
2016-05-22 22:02:34.030000,1.12187,1.12184,750000,750000
2016-05-22 22:02:34.335000,1.12185,1.12184,750000,750000
2016-05-22 22:02:34.538000,1.12187,1.12183,750000,1500000
2016-05-22 22:02:34.944000,1.12185,1.12183,750000,1500000
2016-05-22 22:02:35.734000,1.12185,1.12182,750000,1500000
2016-05-22 22:02:36.285000,1.12185,1.12183,750000,1500000
2016-05-22 22:02:36.836000,1.12185,1.12182,750000,1500000
2016-05-22 22:02:37.385000,1.12185,1.12183,750000,1500000
2016-05-22 22:02:37.487000,1.12190,1.12183,4870000,1500000
2016-05-22 22:02:37.988000,1.12189,1.12183,1500000,1500000
2016-05-22 22:02:38.489000,1.12189,1.12182,1500000,2250000
2016-05-22 22:02:38.996000,1.12189,1.12183,1500000,1500000
2016-05-22 22:02:39.694000,1.12185,1.12183,750000,2250000
2016-05-22 22:02:40.606000,1.12186,1.12183,750000,2250000
2016-05-22 22:02:41.148000,1.12185,1.12183,750000,2250000
2016-05-22 22:02:42.695000,1.12187,1.12183,750000,2250000
2016-05-22 22:02:42.797000,1.12185,1.12183,750000,750000
2016-05-22 22:02:44.554000,1.12186,1.12183,750000,2250000
2016-05-22 22:02:45.104000,1.12185,1.12183,750000,2250000
2016-05-22 22:02:45.606000,1.12185,1.12182,750000,2250000
2016-05-22 22:02:46.114000,1.12185,1.12183,750000,1500000
2016-05-22 22:02:46.625000,1.12185,1.12182,750000,3000000
2016-05-22 22:02:47.472000,1.12184,1.12182,750000,3000000
2016-05-22 22:02:47.643000,1.12186,1.12182,750000,2250000
2016-05-22 22:02:49.571000,1.12187,1.12182,750000,3000000
2016-05-22 22:02:50.567000,1.12186,1.12182,750000,1500000
2016-05-22 22:02:51.569000,1.12186,1.12183,750000,1500000
2016-05-22 22:02:52.561000,1.12190,1.12183,4120000,1500000
2016-05-22 22:02:52.664000,1.12190,1.12185,1120000,750000
2016-05-22 22:02:52.766000,1.12192,1.12185,750000,750000
2016-05-22 22:02:55.688000,1.12195,1.12185,750000,750000
2016-05-22 22:03:23.247000,1.12194,1.12185,750000,3750000
2016-05-22 22:03:23.769000,1.12195,1.12185,5620000,3750000
2016-05-22 22:03:31.246000,1.12195,1.12184,2620000,3000000
2016-05-22 22:03:31.298000,1.12183,1.12182,1650000,3370000
2016-05-22 22:03:31.401000,1.12180,1.12178,750000,750000
2016-05-22 22:03:31.503000,1.12181,1.12174,750000,3000000
2016-05-22 22:03:31.605000,1.12184,1.12176,1870000,300000
2016-05-22 22:03:31.707000,1.12189,1.12177,100000,750000
2016-05-22 22:03:31.809000,1.12191,1.12178,750000,750000
2016-05-22 22:03:32.316000,1.12190,1.12178,1500000,750000
2016-05-22 22:03:32.722000,1.12192,1.12178,1500000,2250000
2016-05-22 22:03:33.230000,1.12191,1.12178,750000,2250000
2016-05-22 22:03:33.920000,1.12190,1.12178,750000,1500000
2016-05-22 22:03:34.580000,1.12191,1.12178,750000,2250000
2016-05-22 22:03:34.732000,1.12189,1.12178,750000,1500000
2016-05-22 22:03:34.783000,1.12189,1.12176,750000,2400000
2016-05-22 22:03:34.885000,1.12191,1.12178,750000,750000
2016-05-22 22:03:35.189000,1.12189,1.12178,750000,2250000
2016-05-22 22:03:35.295000,1.12191,1.12178,750000,2250000
2016-05-22 22:03:35.754000,1.12189,1.12178,750000,2250000
2016-05-22 22:03:35.957000,1.12191,1.12178,1500000,2250000
2016-05-22 22:03:36.162000,1.12189,1.12178,750000,2250000
2016-05-22 22:03:36.365000,1.12191,1.12178,1500000,2250000
2016-05-22 22:03:36.873000,1.12191,1.12177,750000,750000
2016-05-22 22:03:37.104000,1.12189,1.12177,750000,750000
2016-05-22 22:03:37.206000,1.12191,1.12178,4870000,2250000
2016-05-22 22:03:37.360000,1.12194,1.12178,1870000,2250000
2016-05-22 22:03:37.411000,1.12191,1.12178,750000,1500000
2016-05-22 22:03:37.513000,1.12193,1.12177,4120000,750000
2016-05-22 22:03:37.665000,1.12191,1.12177,1120000,750000
2016-05-22 22:03:37.971000,1.12193,1.12178,1500000,2250000
2016-05-22 22:03:38.124000,1.12190,1.12178,750000,1500000
2016-05-22 22:03:38.226000,1.12192,1.12177,750000,2250000
2016-05-22 22:03:38.616000,1.12190,1.12177,750000,750000
2016-05-22 22:03:39.123000,1.12189,1.12177,1500000,750000
2016-05-22 22:03:39.276000,1.12192,1.12178,1500000,2250000
2016-05-22 22:03:39.378000,1.12190,1.12176,1870000,2250000
2016-05-22 22:03:39.581000,1.12194,1.12178,3370000,750000
2016-05-22 22:03:39.734000,1.12191,1.12176,750000,1050000
2016-05-22 22:03:39.785000,1.12193,1.12176,5620000,2550000
2016-05-22 22:03:39.938000,1.12191,1.12176,1120000,2400000
2016-05-22 22:03:40.243000,1.12192,1.12178,1120000,750000
2016-05-22 22:03:40.547000,1.12189,1.12178,750000,1500000
2016-05-22 22:03:40.802000,1.12191,1.12178,3000000,2250000
2016-05-22 22:03:40.853000,1.12193,1.12178,750000,2250000
2016-05-22 22:03:41.006000,1.12190,1.12178,750000,750000
2016-05-22 22:03:41.108000,1.12193,1.12177,3000000,750000
2016-05-22 22:03:41.209000,1.12189,1.12177,750000,750000
2016-05-22 22:03:41.412000,1.12191,1.12177,3750000,750000
2016-05-22 22:03:41.565000,1.12193,1.12177,750000,750000
2016-05-22 22:03:41.643000,1.12189,1.12177,750000,750000
2016-05-22 22:03:41.796000,1.12191,1.12178,750000,750000
2016-05-22 22:03:41.898000,1.12192,1.12176,3000000,2550000
2016-05-22 22:03:42,1.12190,1.12176,750000,2250000
2016-05-22 22:03:42.457000,1.12192,1.12176,1120000,2250000
2016-05-22 22:03:42.812000,1.12190,1.12176,750000,2250000
2016-05-22 22:03:43.128000,1.12193,1.12178,750000,2250000
2016-05-22 22:03:43.534000,1.12191,1.12178,750000,2250000
2016-05-22 22:03:43.687000,1.12193,1.12178,4500000,3000000
2016-05-22 22:03:43.843000,1.12190,1.12178,750000,2250000
2016-05-22 22:03:43.996000,1.12193,1.12180,3000000,2250000
2016-05-22 22:03:44.503000,1.12192,1.12180,750000,3750000
2016-05-22 22:03:44.706000,1.12194,1.12180,2920000,3750000
2016-05-22 22:03:44.808000,1.12192,1.12180,750000,1500000
2016-05-22 22:03:44.859000,1.12191,1.12178,750000,2250000
2016-05-22 22:03:45.386000,1.12192,1.12178,1500000,2250000
2016-05-22 22:03:45.895000,1.12191,1.12178,750000,2250000
2016-05-22 22:03:46.047000,1.12193,1.12178,1870000,2250000
2016-05-22 22:03:46.098000,1.12191,1.12178,750000,1500000
2016-05-22 22:03:46.200000,1.12193,1.12177,4870000,750000
2016-05-22 22:03:46.302000,1.12190,1.12177,750000,750000
2016-05-22 22:03:46.594000,1.12192,1.12178,2250000,2250000
2016-05-22 22:03:46.849000,1.12189,1.12178,750000,2250000
2016-05-22 22:03:46.951000,1.12193,1.12178,750000,2250000
2016-05-22 22:03:47.205000,1.12191,1.12178,750000,3000000
2016-05-22 22:03:47.409000,1.12193,1.12178,3000000,2250000
2016-05-22 22:03:47.612000,1.12190,1.12178,750000,2250000
2016-05-22 22:03:47.714000,1.12193,1.12178,3000000,2250000
2016-05-22 22:03:47.816000,1.12189,1.12178,750000,2250000
2016-05-22 22:03:48.019000,1.12191,1.12178,3000000,2250000
2016-05-22 22:03:48.070000,1.12194,1.12178,1870000,2250000
2016-05-22 22:03:48.233000,1.12190,1.12178,750000,2250000
2016-05-22 22:03:48.297000,1.12193,1.12178,4120000,2250000
2016-05-22 22:03:48.450000,1.12189,1.12178,750000,1500000
2016-05-22 22:03:48.552000,1.12190,1.12176,750000,3450000
2016-05-22 22:03:48.653000,1.12190,1.12178,750000,750000
2016-05-22 22:03:48.755000,1.12194,1.12178,4120000,2250000
2016-05-22 22:03:48.857000,1.12189,1.12178,750000,2250000
2016-05-22 22:03:49.111000,1.12191,1.12178,3000000,2250000
2016-05-22 22:03:49.162000,1.12193,1.12178,750000,2250000
2016-05-22 22:03:49.315000,1.12191,1.12178,750000,2250000
2016-05-22 22:03:49.467000,1.12194,1.12178,4120000,2250000
2016-05-22 22:03:49.518000,1.12191,1.12178,750000,2250000
2016-05-22 22:03:49.721000,1.12193,1.12178,3750000,2250000
2016-05-22 22:03:49.801000,1.12190,1.12178,750000,1500000
2016-05-22 22:03:50.006000,1.12192,1.12178,1500000,1500000
2016-05-22 22:03:50.108000,1.12189,1.12178,750000,1500000
2016-05-22 22:03:50.212000,1.12189,1.12176,750000,2400000
2016-05-22 22:03:50.264000,1.12192,1.12177,1500000,750000
2016-05-22 22:03:50.518000,1.12190,1.12177,750000,750000
2016-05-22 22:03:50.621000,1.12192,1.12177,3750000,750000
2016-05-22 22:03:50.723000,1.12189,1.12176,750000,2250000
2016-05-22 22:03:50.977000,1.12192,1.12177,750000,2250000
2016-05-22 22:03:51.028000,1.12194,1.12178,2250000,1500000
2016-05-22 22:03:51.130000,1.12191,1.12178,750000,1500000
2016-05-22 22:03:51.372000,1.12193,1.12178,1870000,1500000
2016-05-22 22:03:51.423000,1.12190,1.12178,750000,1500000
2016-05-22 22:03:51.524000,1.12192,1.12178,4120000,1500000
2016-05-22 22:03:51.677000,1.12190,1.12178,750000,1500000
2016-05-22 22:03:51.930000,1.12190,1.12176,1500000,2250000
2016-05-22 22:03:52.083000,1.12194,1.12177,2620000,3000000
2016-05-22 22:03:52.134000,1.12194,1.12179,2620000,1500000
2016-05-22 22:03:52.540000,1.12192,1.12180,750000,750000
2016-05-22 22:03:53.063000,1.12193,1.12180,750000,750000
2016-05-22 22:03:53.470000,1.12191,1.12180,750000,750000
2016-05-22 22:03:53.774000,1.12193,1.12180,750000,750000
2016-05-22 22:03:54.383000,1.12191,1.12180,750000,750000
2016-05-22 22:03:54.696000,1.12189,1.12179,750000,1500000
2016-05-22 22:03:54.849000,1.12192,1.12179,750000,1500000
2016-05-22 22:03:55.357000,1.12191,1.12179,750000,1500000
2016-05-22 22:03:55.408000,1.12193,1.12179,4120000,1500000
2016-05-22 22:03:55.712000,1.12190,1.12179,750000,1500000
2016-05-22 22:03:55.814000,1.12193,1.12178,3750000,750000
2016-05-22 22:03:55.915000,1.12190,1.12178,750000,750000
2016-05-22 22:03:56.169000,1.12192,1.12178,1500000,750000
2016-05-22 22:03:56.221000,1.12190,1.12178,750000,750000
2016-05-22 22:03:56.474000,1.12192,1.12178,750000,750000
2016-05-22 22:03:56.728000,1.12192,1.12180,1500000,750000
2016-05-22 22:03:57.641000,1.12191,1.12180,750000,1500000
2016-05-22 22:03:57.743000,1.12192,1.12178,5620000,2250000
2016-05-22 22:03:58.290000,1.12191,1.12178,750000,2250000
2016-05-22 22:03:58.797000,1.12192,1.12178,1500000,750000
2016-05-22 22:03:59.303000,1.12191,1.12178,1870000,2250000
2016-05-22 22:03:59.810000,1.12192,1.12178,4500000,750000
2016-05-22 22:04:00.317000,1.12191,1.12178,750000,2250000
2016-05-22 22:04:00.823000,1.12192,1.12178,750000,3000000
2016-05-22 22:04:00.976000,1.12190,1.12178,750000,2250000
2016-05-22 22:04:01.077000,1.12192,1.12178,4500000,3000000
2016-05-22 22:04:01.179000,1.12190,1.12178,750000,2250000
2016-05-22 22:04:01.382000,1.12192,1.12178,750000,750000
2016-05-22 22:04:01.889000,1.12193,1.12178,2250000,3000000
2016-05-22 22:04:02.396000,1.12192,1.12178,1500000,3000000
2016-05-22 22:04:02.902000,1.12191,1.12179,4120000,1000000
2016-05-22 22:04:03.763000,1.12192,1.12179,1500000,1000000
2016-05-22 22:04:03.915000,1.12190,1.12179,1000000,1000000
2016-05-22 22:04:04.169000,1.12192,1.12179,1000000,1000000
2016-05-22 22:04:04.684000,1.12191,1.12179,3750000,1000000
2016-05-22 22:04:05.191000,1.12192,1.12179,1500000,1000000
2016-05-22 22:04:05.293000,1.12190,1.12179,1000000,1000000
2016-05-22 22:04:05.447000,1.12192,1.12179,1500000,1000000
2016-05-22 22:04:05.599000,1.12190,1.12179,1000000,1000000
2016-05-22 22:04:05.752000,1.12192,1.12179,2250000,1000000
2016-05-22 22:04:05.904000,1.12190,1.12179,1000000,1000000
2016-05-22 22:04:06.158000,1.12192,1.12179,1000000,1000000
2016-05-22 22:04:06.313000,1.12190,1.12179,1000000,1000000
2016-05-22 22:04:06.465000,1.12192,1.12179,1500000,1000000
2016-05-22 22:04:06.618000,1.12190,1.12179,1000000,1000000
2016-05-22 22:04:06.771000,1.12192,1.12180,2250000,1500000
2016-05-22 22:04:08.712000,1.12191,1.12180,1000000,3000000
2016-05-22 22:04:08.814000,1.12193,1.12180,2250000,1500000
2016-05-22 22:04:09.017000,1.12191,1.12180,1000000,3000000
2016-05-22 22:04:09.119000,1.12193,1.12180,2250000,3000000
2016-05-22 22:04:09.322000,1.12191,1.12180,1000000,3000000
2016-05-22 22:04:09.524000,1.12193,1.12180,1000000,1500000
2016-05-22 22:04:09.653000,1.12191,1.12180,1000000,3000000
2016-05-22 22:04:09.805000,1.12193,1.12180,1500000,3000000
2016-05-22 22:04:10.363000,1.12192,1.12180,1000000,3000000
2016-05-22 22:04:10.883000,1.12191,1.12180,1000000,3000000
2016-05-22 22:04:12.063000,1.12191,1.12179,1000000,2250000
2016-05-22 22:04:12.114000,1.12193,1.12179,1500000,3000000
2016-05-22 22:04:12.317000,1.12191,1.12179,1000000,2250000
2016-05-22 22:04:12.722000,1.12193,1.12180,1500000,1000000
2016-05-22 22:04:12.925000,1.12191,1.12180,1000000,1000000
2016-05-22 22:04:13.229000,1.12193,1.12180,1500000,1000000
2016-05-22 22:04:13.349000,1.12191,1.12180,1000000,1000000
2016-05-22 22:04:13.509000,1.12193,1.12180,2250000,1000000
2016-05-22 22:04:14.016000,1.12192,1.12179,4870000,2250000
2016-05-22 22:04:14.422000,1.12186,1.12178,1500000,2250000
2016-05-22 22:04:14.473000,1.12189,1.12178,1000000,2250000
2016-05-22 22:04:14.575000,1.12191,1.12178,1000000,2250000
2016-05-22 22:04:14.626000,1.12188,1.12178,1000000,3000000
2016-05-22 22:04:14.967000,1.12189,1.12180,2700000,1500000
2016-05-22 22:04:15.019000,1.12189,1.12178,5170000,3000000
2016-05-22 22:04:15.273000,1.12191,1.12178,1000000,4500000
2016-05-22 22:04:15.832000,1.12190,1.12178,1000000,3000000
2016-05-22 22:04:16.187000,1.12192,1.12178,4500000,3750000
2016-05-22 22:04:16.339000,1.12190,1.12178,1000000,3000000
2016-05-22 22:04:17.202000,1.12191,1.12178,4500000,2250000
2016-05-22 22:04:17.964000,1.12190,1.12178,1000000,1000000
2016-05-22 22:04:18.622000,1.12191,1.12178,1000000,2250000
2016-05-22 22:04:19.129000,1.12190,1.12178,1500000,2250000
2016-05-22 22:04:19.637000,1.12189,1.12179,1000000,2250000
2016-05-22 22:04:20.044000,1.12191,1.12179,1500000,2250000
2016-05-22 22:04:20.146000,1.12189,1.12179,1500000,2250000
2016-05-22 22:04:20.400000,1.12190,1.12177,4500000,3000000
2016-05-22 22:04:20.502000,1.12188,1.12177,1000000,3000000
2016-05-22 22:04:20.604000,1.12190,1.12177,7500000,3000000
2016-05-22 22:04:21.131000,1.12189,1.12177,1000000,3000000
2016-05-22 22:04:21.638000,1.12189,1.12178,1500000,1000000
2016-05-22 22:04:22.942000,1.12190,1.12178,5620000,1000000
2016-05-22 22:04:27.197000,1.12191,1.12178,3750000,2250000
2016-05-22 22:04:27.350000,1.12189,1.12178,1000000,2250000
2016-05-22 22:04:27.552000,1.12191,1.12178,4500000,2250000
2016-05-22 22:04:27.755000,1.12189,1.12178,1000000,2250000
2016-05-22 22:04:27.857000,1.12191,1.12178,4500000,2250000
2016-05-22 22:04:28.060000,1.12189,1.12178,2250000,2250000
2016-05-22 22:04:28.585000,1.12190,1.12178,1500000,2250000
2016-05-22 22:04:29.094000,1.12191,1.12178,2250000,2250000
2016-05-22 22:04:29.449000,1.12189,1.12178,1500000,2250000
2016-05-22 22:04:29.601000,1.12191,1.12178,1500000,2250000
2016-05-22 22:04:29.729000,1.12189,1.12178,1000000,1000000
2016-05-22 22:04:30.236000,1.12190,1.12178,1000000,1000000
2016-05-22 22:04:32.032000,1.12191,1.12178,6750000,2250000
2016-05-22 22:04:32.336000,1.12189,1.12178,1000000,2250000
2016-05-22 22:04:32.842000,1.12190,1.12178,1500000,2250000
2016-05-22 22:04:33.248000,1.12188,1.12178,1000000,1000000
2016-05-22 22:04:33.350000,1.12190,1.12178,3750000,2250000
2016-05-22 22:04:33.553000,1.12188,1.12178,1000000,2250000
2016-05-22 22:04:33.807000,1.12190,1.12178,1000000,2250000
2016-05-22 22:04:34.551000,1.12187,1.12178,1000000,2250000
2016-05-22 22:04:34.754000,1.12189,1.12178,3000000,1000000
2016-05-22 22:04:35.111000,1.12191,1.12178,4500000,2250000
2016-05-22 22:04:35.162000,1.12189,1.12178,1270000,2250000
2016-05-22 22:04:35.619000,1.12191,1.12178,3750000,2250000
2016-05-22 22:04:37.090000,1.12190,1.12178,1000000,2250000
2016-05-22 22:04:37.622000,1.12191,1.12179,4500000,2250000
2016-05-22 22:04:37.674000,1.12189,1.12179,1000000,2250000
2016-05-22 22:04:38.029000,1.12190,1.12177,3000000,3000000
2016-05-22 22:04:38.335000,1.12188,1.12177,1000000,3000000
2016-05-22 22:04:39.018000,1.12190,1.12177,2700000,3000000
2016-05-22 22:04:39.680000,1.12188,1.12177,1000000,3000000
2016-05-22 22:04:40.026000,1.12190,1.12179,3000000,1000000
2016-05-22 22:04:40.331000,1.12188,1.12179,1000000,2250000
2016-05-22 22:04:40.585000,1.12190,1.12179,2250000,2250000
2016-05-22 22:04:41.144000,1.12188,1.12179,1000000,1500000
2016-05-22 22:04:41.398000,1.12190,1.12179,1000000,1500000
2016-05-22 22:04:41.720000,1.12188,1.12178,1000000,2250000
2016-05-22 22:04:42.033000,1.12190,1.12179,1500000,1500000
2016-05-22 22:04:42.591000,1.12189,1.12179,1000000,1500000
2016-05-22 22:04:43.317000,1.12187,1.12179,1000000,1500000
2016-05-22 22:04:43.690000,1.12189,1.12179,3000000,1500000
2016-05-22 22:04:44.238000,1.12188,1.12179,1000000,1500000
2016-05-22 22:04:44.863000,1.12189,1.12179,3000000,1500000
2016-05-22 22:04:45.372000,1.12190,1.12179,1000000,1000000
2016-05-22 22:04:45.980000,1.12190,1.12179,1150000,1000000
2016-05-22 22:04:46.525000,1.12190,1.12179,3750000,1000000
2016-05-22 22:04:46.779000,1.12190,1.12186,1500000,1000000
2016-05-22 22:04:46.984000,1.12184,1.12179,1870000,1500000
2016-05-22 22:04:47.036000,1.12184,1.12176,1870000,1000000
2016-05-22 22:04:47.087000,1.12185,1.12176,2250000,1000000
2016-05-22 22:04:47.189000,1.12187,1.12176,1500000,1000000
2016-05-22 22:04:47.703000,1.12188,1.12176,1870000,1000000
2016-05-22 22:04:48.211000,1.12187,1.12176,1120000,2250000
2016-05-22 22:04:53.676000,1.12188,1.12176,1000000,2250000
2016-05-22 22:04:53.880000,1.12186,1.12176,1000000,2250000
2016-05-22 22:04:53.982000,1.12188,1.12176,1000000,2250000
2016-05-22 22:04:54.185000,1.12186,1.12176,1000000,2250000
2016-05-22 22:04:54.388000,1.12188,1.12176,1000000,2250000
2016-05-22 22:04:54.592000,1.12186,1.12176,1000000,1000000
2016-05-22 22:04:54.795000,1.12188,1.12176,1870000,2250000
2016-05-22 22:04:54.999000,1.12186,1.12176,1000000,2250000
2016-05-22 22:04:55.203000,1.12189,1.12176,3820000,2250000
2016-05-22 22:04:55.254000,1.12186,1.12176,1000000,1000000
2016-05-22 22:04:55.521000,1.12188,1.12176,1870000,2250000
2016-05-22 22:04:55.674000,1.12186,1.12176,1000000,2250000
2016-05-22 22:04:57.094000,1.12186,1.12175,1500000,3750000
2016-05-22 22:05:01.293000,1.12187,1.12175,1000000,3750000
2016-05-22 22:05:02.602000,1.12187,1.12176,1000000,2250000
2016-05-22 22:05:03.819000,1.12186,1.12176,1000000,2250000
2016-05-22 22:05:04.023000,1.12188,1.12176,3000000,2250000
2016-05-22 22:05:04.074000,1.12186,1.12176,1000000,2250000
2016-05-22 22:05:04.380000,1.12188,1.12176,3370000,2250000
2016-05-22 22:05:04.481000,1.12186,1.12176,1000000,2250000
2016-05-22 22:05:04.799000,1.12188,1.12176,3000000,2250000
2016-05-22 22:05:04.904000,1.12186,1.12176,1000000,2250000
2016-05-22 22:05:05.415000,1.12187,1.12176,4500000,2250000
2016-05-22 22:05:05.925000,1.12186,1.12176,1000000,2250000
2016-05-22 22:05:07.178000,1.12187,1.12176,4120000,2250000
2016-05-22 22:05:07.715000,1.12186,1.12176,1000000,1000000
2016-05-22 22:05:08.234000,1.12187,1.12175,1000000,3750000
2016-05-22 22:05:08.742000,1.12186,1.12175,1000000,2250000
2016-05-22 22:05:08.945000,1.12188,1.12175,1870000,3750000
2016-05-22 22:05:08.997000,1.12186,1.12175,1000000,3750000
2016-05-22 22:05:09.303000,1.12188,1.12175,1120000,2250000
2016-05-22 22:05:09.712000,1.12186,1.12175,1000000,2250000
2016-05-22 22:05:10.016000,1.12188,1.12175,3370000,3750000
2016-05-22 22:05:10.118000,1.12186,1.12175,1000000,3750000
2016-05-22 22:05:10.627000,1.12188,1.12175,1000000,3750000
2016-05-22 22:05:10.729000,1.12186,1.12175,1000000,3750000
2016-05-22 22:05:11.249000,1.12187,1.12175,3750000,3750000
2016-05-22 22:05:11.756000,1.12186,1.12175,1000000,3750000
2016-05-22 22:05:11.959000,1.12188,1.12175,5620000,3750000
2016-05-22 22:05:12.112000,1.12186,1.12175,1000000,3750000
2016-05-22 22:05:12.366000,1.12188,1.12175,1120000,3750000
2016-05-22 22:05:12.417000,1.12186,1.12175,1000000,3750000
2016-05-22 22:05:17.042000,1.12187,1.12175,1000000,3750000
2016-05-22 22:05:18.231000,1.12188,1.12175,4870000,3750000
2016-05-22 22:05:19.464000,1.12187,1.12175,1000000,3750000
2016-05-22 22:05:20.748000,1.12188,1.12175,3370000,3750000
2016-05-22 22:05:21.964000,1.12187,1.12175,1000000,3750000
2016-05-22 22:05:22.472000,1.12187,1.12176,1000000,1000000
2016-05-22 22:05:23.258000,1.12188,1.12176,5250000,2250000
2016-05-22 22:05:23.816000,1.12189,1.12176,4950000,2250000
2016-05-22 22:05:24.359000,1.12188,1.12176,5620000,2250000
2016-05-22 22:05:27.205000,1.12188,1.12177,4870000,1000000
2016-05-22 22:05:27.871000,1.12187,1.12177,1000000,2250000
2016-05-22 22:05:28.378000,1.12188,1.12177,1500000,2250000
2016-05-22 22:05:29.088000,1.12187,1.12177,1000000,2250000
2016-05-22 22:05:29.615000,1.12188,1.12177,1000000,2250000
2016-05-22 22:05:30.307000,1.12187,1.12177,1000000,2250000
2016-05-22 22:05:30.864000,1.12189,1.12177,2550000,2250000
2016-05-22 22:05:31.373000,1.12188,1.12177,6370000,2250000
2016-05-22 22:05:31.877000,1.12187,1.12177,1000000,2250000
2016-05-22 22:05:32.680000,1.12188,1.12177,1000000,1500000
2016-05-22 22:05:33.288000,1.12187,1.12177,1000000,1500000
2016-05-22 22:05:33.829000,1.12187,1.12176,1000000,2250000
2016-05-22 22:05:34.032000,1.12189,1.12177,1050000,1500000
2016-05-22 22:05:34.235000,1.12187,1.12176,1000000,2250000
2016-05-22 22:05:34.438000,1.12189,1.12177,2700000,1500000
2016-05-22 22:05:34.641000,1.12187,1.12177,1000000,1500000
2016-05-22 22:05:35.167000,1.12188,1.12178,4120000,1000000
2016-05-22 22:05:35.678000,1.12188,1.12179,1120000,1500000
2016-05-22 22:05:36.237000,1.12189,1.12179,1000000,1500000
2016-05-22 22:05:36.542000,1.12179,1.12176,1120000,1500000
2016-05-22 22:05:37.168000,1.12180,1.12176,1000000,1000000
2016-05-22 22:05:37.372000,1.12184,1.12176,1120000,3000000
2016-05-22 22:05:37.880000,1.12185,1.12176,5620000,2250000
2016-05-22 22:05:38.751000,1.12186,1.12176,3750000,1500000
2016-05-22 22:05:39.259000,1.12185,1.12176,5620000,1500000
2016-05-22 22:05:42.103000,1.12185,1.12175,4870000,4500000
2016-05-22 22:05:42.648000,1.12185,1.12176,4870000,1500000
2016-05-22 22:05:43.804000,1.12185,1.12175,4870000,4500000
2016-05-22 22:05:44.352000,1.12185,1.12176,4870000,1500000
2016-05-22 22:06:00.769000,1.12186,1.12176,3000000,2250000
2016-05-22 22:06:01.134000,1.12188,1.12176,6370000,2250000
2016-05-22 22:06:01.288000,1.12185,1.12176,1000000,2250000
2016-05-22 22:06:01.493000,1.12187,1.12176,2250000,2250000
2016-05-22 22:06:01.595000,1.12185,1.12176,2250000,2250000
2016-05-22 22:06:01.798000,1.12187,1.12176,3000000,2250000
2016-05-22 22:06:02.002000,1.12185,1.12176,3000000,2250000
2016-05-22 22:06:02.103000,1.12187,1.12176,1500000,2250000
2016-05-22 22:06:02.307000,1.12185,1.12176,3750000,2250000
2016-05-22 22:06:02.409000,1.12187,1.12176,3750000,2250000
2016-05-22 22:06:02.643000,1.12185,1.12176,4120000,2250000
2016-05-22 22:06:02.695000,1.12187,1.12176,4500000,2250000
2016-05-22 22:06:02.899000,1.12185,1.12176,3000000,2250000
2016-05-22 22:06:03.104000,1.12187,1.12176,2250000,2250000
2016-05-22 22:06:03.307000,1.12185,1.12176,1870000,1000000
2016-05-22 22:06:25.502000,1.12185,1.12175,4120000,5250000
2016-05-22 22:06:26.025000,1.12185,1.12176,4120000,1500000
2016-05-22 22:06:27.437000,1.12185,1.12175,4870000,5250000
2016-05-22 22:06:27.693000,1.12187,1.12175,1000000,6750000
2016-05-22 22:06:27.744000,1.12185,1.12175,1120000,6000000
2016-05-22 22:06:28.314000,1.12185,1.12176,3750000,1500000
2016-05-22 22:06:29.395000,1.12185,1.12175,4870000,5250000
2016-05-22 22:06:29.938000,1.12185,1.12176,4870000,1500000
2016-05-22 22:06:32.425000,1.12185,1.12175,4870000,5250000
2016-05-22 22:06:32.937000,1.12185,1.12176,4870000,1500000
2016-05-22 22:06:34.052000,1.12185,1.12175,4870000,5250000
2016-05-22 22:06:34.578000,1.12185,1.12176,4870000,1500000
2016-05-22 22:06:35.831000,1.12185,1.12175,5620000,3000000
2016-05-22 22:06:36.338000,1.12185,1.12176,4120000,1000000
2016-05-22 22:06:36.980000,1.12173,1.12171,1500000,7500000
2016-05-22 22:06:37.031000,1.12173,1.12170,1500000,1000000
2016-05-22 22:06:37.084000,1.12173,1.12169,1000000,1000000
2016-05-22 22:06:37.136000,1.12174,1.12171,2250000,1000000
2016-05-22 22:06:37.188000,1.12177,1.12173,1500000,1640000
2016-05-22 22:06:37.239000,1.12175,1.12172,1000000,2510000
2016-05-22 22:06:37.448000,1.12170,1.12167,1500000,1000000
2016-05-22 22:06:37.500000,1.12176,1.12167,1500000,1000000
2016-05-22 22:06:38.008000,1.12177,1.12167,1500000,2250000
2016-05-22 22:06:38.392000,1.12175,1.12167,1500000,2250000
2016-05-22 22:06:40.568000,1.12177,1.12167,1950000,2250000
2016-05-22 22:06:41.114000,1.12175,1.12167,1500000,2250000
2016-05-22 22:06:42.455000,1.12176,1.12167,1500000,1500000
2016-05-22 22:06:42.761000,1.12176,1.12167,1950000,1500000
2016-05-22 22:06:43.370000,1.12174,1.12166,1950000,2250000
2016-05-22 22:06:43.905000,1.12174,1.12167,1950000,1500000
2016-05-22 22:06:45.078000,1.12174,1.12166,1950000,2250000
2016-05-22 22:06:45.616000,1.12174,1.12167,1950000,1500000
2016-05-22 22:06:47.007000,1.12175,1.12167,1000000,1500000
2016-05-22 22:06:47.518000,1.12174,1.12167,1500000,1500000
2016-05-22 22:06:48.068000,1.12174,1.12166,1500000,2250000
2016-05-22 22:06:48.575000,1.12175,1.12167,1500000,1000000
2016-05-22 22:06:50.887000,1.12174,1.12167,1500000,1000000
2016-05-22 22:06:53.727000,1.12174,1.12166,1500000,1500000
2016-05-22 22:06:53.879000,1.12174,1.12164,1500000,1000000
2016-05-22 22:06:54.183000,1.12176,1.12164,5250000,3000000
2016-05-22 22:06:54.386000,1.12174,1.12163,1000000,1500000
2016-05-22 22:06:54.690000,1.12174,1.12166,1500000,1000000
2016-05-22 22:06:54.792000,1.12176,1.12166,6000000,1000000
2016-05-22 22:06:54.894000,1.12175,1.12164,1500000,2250000
2016-05-22 22:06:54.996000,1.12176,1.12166,2250000,1000000
2016-05-22 22:06:55.073000,1.12176,1.12164,2250000,2250000
2016-05-22 22:06:55.175000,1.12176,1.12167,2250000,1000000
2016-05-22 22:06:55.481000,1.12174,1.12167,1500000,1000000
2016-05-22 22:06:55.988000,1.12175,1.12166,3750000,1000000
2016-05-22 22:06:56.816000,1.12175,1.12162,5250000,1000000
2016-05-22 22:06:57.019000,1.12175,1.12164,3750000,1500000
2016-05-22 22:06:57.426000,1.12175,1.12166,3750000,1000000
2016-05-22 22:06:57.629000,1.12175,1.12164,3750000,1500000
2016-05-22 22:06:59.441000,1.12175,1.12167,3750000,1000000
2016-05-22 22:06:59.644000,1.12175,1.12164,3750000,1500000
2016-05-22 22:07:04.062000,1.12175,1.12165,2250000,1000000
2016-05-22 22:07:04.113000,1.12176,1.12171,1000000,1000000
2016-05-22 22:07:04.469000,1.12179,1.12170,2250000,1840000
2016-05-22 22:07:04.520000,1.12182,1.12172,1870000,1500000
2016-05-22 22:07:04.723000,1.12183,1.12172,1500000,3750000
2016-05-22 22:07:05.163000,1.12181,1.12172,1000000,2250000
2016-05-22 22:07:05.670000,1.12182,1.12172,1500000,2250000
2016-05-22 22:07:07.048000,1.12184,1.12172,5250000,7500000
2016-05-22 22:07:07.302000,1.12184,1.12174,3000000,1500000
2016-05-22 22:07:07.809000,1.12184,1.12173,4050000,1000000
2016-05-22 22:07:08.820000,1.12183,1.12173,1500000,1500000
2016-05-22 22:07:09.327000,1.12184,1.12173,2550000,3000000
2016-05-22 22:07:09.783000,1.12184,1.12175,2250000,1000000
2016-05-22 22:07:09.885000,1.12186,1.12175,6000000,1000000
2016-05-22 22:07:09.936000,1.12184,1.12175,2550000,1000000
2016-05-22 22:07:10.038000,1.12184,1.12173,4800000,3000000
2016-05-22 22:07:15.626000,1.12185,1.12174,4800000,1000000
2016-05-22 22:07:17.033000,1.12183,1.12174,3750000,2250000
2016-05-22 22:07:17.540000,1.12184,1.12172,4800000,1500000
2016-05-22 22:07:18.058000,1.12183,1.12172,2250000,4500000
2016-05-22 22:07:21.439000,1.12184,1.12172,4800000,4500000
2016-05-22 22:07:21.964000,1.12183,1.12172,2250000,4500000
2016-05-22 22:07:22.537000,1.12183,1.12173,2250000,2250000
2016-05-22 22:07:23.045000,1.12183,1.12172,3000000,3750000
2016-05-22 22:07:26.249000,1.12181,1.12172,1000000,3750000
2016-05-22 22:07:26.352000,1.12183,1.12172,3000000,3000000
2016-05-22 22:07:26.859000,1.12183,1.12174,1500000,1000000
2016-05-22 22:07:27.114000,1.12183,1.12172,3000000,3000000
2016-05-22 22:07:27.775000,1.12183,1.12174,2250000,1000000
2016-05-22 22:07:28.283000,1.12185,1.12174,1500000,5250000
2016-05-22 22:07:29.557000,1.12186,1.12174,5250000,6750000
2016-05-22 22:07:31.255000,1.12185,1.12174,1500000,3000000
2016-05-22 22:07:32.767000,1.12185,1.12175,1500000,3750000
2016-05-22 22:07:33.311000,1.12184,1.12174,3450000,2250000
2016-05-22 22:07:34.278000,1.12183,1.12174,1000000,2250000
2016-05-22 22:07:34.713000,1.12185,1.12174,2250000,2250000
