time,ask,bid,ask_volume,bid_volume
2016-06-26 21:00:20.918000,1.10135,1.10073,750000,750000
2016-06-26 21:00:21.606000,1.10134,1.10074,750000,750000
2016-06-26 21:00:35.053000,1.10126,1.10078,750000,750000
2016-06-26 21:00:37.100000,1.10127,1.10079,750000,750000
2016-06-26 21:00:47.762000,1.10129,1.10079,750000,750000
2016-06-26 21:00:58.971000,1.10127,1.10079,750000,2250000
2016-06-26 21:01:00.072000,1.10128,1.10080,750000,750000
2016-06-26 21:01:04.781000,1.10129,1.10081,750000,750000
2016-06-26 21:01:05.321000,1.10130,1.10082,750000,750000
2016-06-26 21:01:05.974000,1.10131,1.10083,1500000,750000
2016-06-26 21:01:14.530000,1.10162,1.10072,750000,750000
2016-06-26 21:01:26.597000,1.10168,1.10078,750000,750000
2016-06-26 21:01:50.028000,1.10185,1.10109,750000,370000
2016-06-26 21:01:50.079000,1.10185,1.10140,750000,750000
2016-06-26 21:01:50.331000,1.10191,1.10140,750000,1500000
2016-06-26 21:01:50.432000,1.10194,1.10140,750000,1500000
2016-06-26 21:01:54.953000,1.10188,1.10140,750000,2250000
2016-06-26 21:01:55.756000,1.10188,1.10141,750000,750000
2016-06-26 21:01:57.123000,1.10194,1.10141,750000,1500000
2016-06-26 21:01:57.635000,1.10159,1.10141,750000,2250000
2016-06-26 21:01:57.837000,1.10129,1.10083,750000,1500000
2016-06-26 21:01:59.038000,1.10130,1.10083,750000,1500000
2016-06-26 21:01:59.239000,1.10136,1.10083,750000,1500000
2016-06-26 21:01:59.290000,1.10138,1.10083,750000,750000
2016-06-26 21:01:59.391000,1.10145,1.10073,750000,750000
2016-06-26 21:01:59.442000,1.10157,1.10073,750000,750000
2016-06-26 21:01:59.644000,1.10167,1.10077,750000,750000
2016-06-26 21:02:02.673000,1.10184,1.10141,750000,750000
2016-06-26 21:02:02.875000,1.10192,1.10141,750000,1500000
2016-06-26 21:02:06.906000,1.10192,1.10151,750000,750000
2016-06-26 21:02:07.550000,1.10193,1.10151,750000,1500000
2016-06-26 21:02:09.962000,1.10193,1.10150,750000,750000
2016-06-26 21:02:10.552000,1.10193,1.10151,750000,1500000
2016-06-26 21:02:10.961000,1.10195,1.10151,750000,750000
2016-06-26 21:02:11.540000,1.10195,1.10152,750000,1500000
2016-06-26 21:02:19.218000,1.10194,1.10152,750000,750000
2016-06-26 21:02:19.321000,1.10194,1.10147,1500000,750000
2016-06-26 21:02:19.422000,1.10195,1.10166,1500000,750000
2016-06-26 21:02:19.791000,1.10197,1.10173,750000,750000
2016-06-26 21:02:21.549000,1.10199,1.10175,750000,750000
2016-06-26 21:02:22.051000,1.10197,1.10173,750000,750000
2016-06-26 21:02:23.653000,1.10193,1.10166,750000,750000
2016-06-26 21:02:23.865000,1.10193,1.10159,750000,750000
2016-06-26 21:02:24.082000,1.10193,1.10145,750000,750000
2016-06-26 21:02:25.782000,1.10194,1.10147,1500000,750000
2016-06-26 21:02:26.055000,1.10193,1.10145,750000,750000
2016-06-26 21:02:28.296000,1.10190,1.10144,750000,750000
2016-06-26 21:02:28.347000,1.10190,1.10142,750000,750000
2016-06-26 21:02:28.458000,1.10194,1.10151,1500000,750000
2016-06-26 21:02:28.820000,1.10197,1.10161,750000,750000
2016-06-26 21:02:35.906000,1.10197,1.10162,750000,750000
2016-06-26 21:02:36.007000,1.10199,1.10163,1500000,750000
2016-06-26 21:02:36.857000,1.10199,1.10164,1500000,750000
2016-06-26 21:02:45.917000,1.10199,1.10165,1500000,750000
2016-06-26 21:02:52.748000,1.10199,1.10166,750000,750000
2016-06-26 21:02:52.799000,1.10201,1.10166,2250000,1500000
2016-06-26 21:02:55.158000,1.10201,1.10168,750000,1500000
2016-06-26 21:02:59.104000,1.10201,1.10170,750000,1500000
2016-06-26 21:03:05.801000,1.10204,1.10171,750000,750000
2016-06-26 21:03:05.902000,1.10206,1.10205,1500000,750000
2016-06-26 21:03:06.004000,1.10200,1.10170,750000,1500000
2016-06-26 21:03:06.105000,1.10197,1.10164,1500000,750000
2016-06-26 21:03:08.524000,1.10200,1.10166,750000,750000
2016-06-26 21:03:08.675000,1.10210,1.10166,750000,750000
2016-06-26 21:03:08.798000,1.10197,1.10163,1500000,750000
2016-06-26 21:03:12.810000,1.10199,1.10164,2250000,1500000
2016-06-26 21:03:14.881000,1.10199,1.10166,1500000,750000
2016-06-26 21:03:35.813000,1.10199,1.10167,750000,750000
2016-06-26 21:03:42.773000,1.10199,1.10165,750000,750000
2016-06-26 21:03:43.327000,1.10199,1.10166,750000,750000
2016-06-26 21:03:44.471000,1.10199,1.10168,750000,1500000
2016-06-26 21:04:14.070000,1.10199,1.10187,1000000,750000
2016-06-26 21:04:14.225000,1.10239,1.10210,1000000,1000000
2016-06-26 21:04:14.276000,1.10199,1.10188,1000000,750000
2016-06-26 21:04:14.327000,1.10199,1.10167,1000000,1000000
2016-06-26 21:04:14.478000,1.10203,1.10166,1000000,2250000
2016-06-26 21:04:14.579000,1.10212,1.10166,1000000,1500000
2016-06-26 21:04:14.630000,1.10204,1.10166,1000000,1500000
2016-06-26 21:04:14.932000,1.10199,1.10180,1500000,4500000
2016-06-26 21:04:14.983000,1.10199,1.10164,1500000,1500000
2016-06-26 21:04:15.084000,1.10210,1.10204,750000,1500000
2016-06-26 21:04:15.135000,1.10241,1.10204,1000000,1500000
2016-06-26 21:04:15.194000,1.10213,1.10204,1000000,1500000
2016-06-26 21:04:15.295000,1.10198,1.10162,1000000,1000000
2016-06-26 21:04:15.800000,1.10198,1.10163,2250000,1500000
2016-06-26 21:04:16.562000,1.10198,1.10165,750000,1000000
2016-06-26 21:04:16.613000,1.10219,1.10165,1000000,1000000
2016-06-26 21:04:16.714000,1.10198,1.10163,750000,1500000
2016-06-26 21:04:37.104000,1.10199,1.10186,1500000,750000
2016-06-26 21:04:37.306000,1.10227,1.10202,1000000,1000000
2016-06-26 21:04:37.407000,1.10241,1.10202,1000000,750000
2016-06-26 21:04:37.508000,1.10241,1.10200,1000000,750000
2016-06-26 21:04:37.609000,1.10241,1.10180,1000000,750000
2016-06-26 21:04:37.659000,1.10241,1.10183,1000000,1000000
2016-06-26 21:04:37.981000,1.10247,1.10203,1000000,2250000
2016-06-26 21:04:51.329000,1.10247,1.10199,1000000,1000000
2016-06-26 21:04:51.380000,1.10247,1.10169,1000000,1000000
2016-06-26 21:05:00.937000,1.10247,1.10186,1000000,750000
2016-06-26 21:05:01.247000,1.10245,1.10186,1000000,1500000
2016-06-26 21:05:02.985000,1.10245,1.10187,1000000,1000000
2016-06-26 21:05:15.868000,1.10245,1.10188,1000000,1500000
2016-06-26 21:05:24.500000,1.10245,1.10189,1000000,1000000
2016-06-26 21:05:24.826000,1.10245,1.10186,1000000,1000000
2016-06-26 21:05:26.426000,1.10245,1.10186,1000000,1000000
2016-06-26 21:05:27.427000,1.10245,1.10186,1000000,1000000
2016-06-26 21:05:27.528000,1.10245,1.10186,1000000,1000000
2016-06-26 21:05:28.055000,1.10245,1.10185,1000000,1500000
2016-06-26 21:05:29.126000,1.10245,1.10186,1000000,1000000
2016-06-26 21:05:36.559000,1.10245,1.10189,1000000,1000000
2016-06-26 21:05:37.323000,1.10247,1.10193,1000000,1000000
2016-06-26 21:05:47.346000,1.10247,1.10204,1000000,1000000
2016-06-26 21:05:47.669000,1.10248,1.10207,1000000,1500000
2016-06-26 21:06:00.172000,1.10215,1.10207,2500000,1500000
2016-06-26 21:06:00.224000,1.10211,1.10204,1000000,1000000
2016-06-26 21:06:00.382000,1.10200,1.10196,1000000,1000000
2016-06-26 21:06:00.562000,1.10207,1.10205,1000000,1500000
2016-06-26 21:06:00.664000,1.10215,1.10205,3750000,1500000
2016-06-26 21:06:00.765000,1.10244,1.10200,1500000,750000
2016-06-26 21:06:00.844000,1.10245,1.10185,1000000,1000000
2016-06-26 21:06:03.963000,1.10200,1.10184,1000000,1500000
2016-06-26 21:06:04.577000,1.10200,1.10183,1000000,1000000
2016-06-26 21:06:05.832000,1.10200,1.10182,1000000,1500000
2016-06-26 21:06:06.503000,1.10200,1.10183,1000000,1000000
2016-06-26 21:06:07.363000,1.10186,1.10180,750000,2250000
2016-06-26 21:06:07.414000,1.10183,1.10180,1000000,1500000
2016-06-26 21:06:07.515000,1.10181,1.10175,1000000,1000000
2016-06-26 21:06:07.616000,1.10181,1.10163,1000000,1000000
2016-06-26 21:06:09.885000,1.10184,1.10163,1000000,1000000
2016-06-26 21:06:09.935000,1.10184,1.10165,1000000,1500000
2016-06-26 21:06:10.037000,1.10205,1.10165,1000000,1500000
2016-06-26 21:06:10.088000,1.10210,1.10166,1000000,1000000
2016-06-26 21:06:10.189000,1.10220,1.10166,1000000,1000000
2016-06-26 21:06:11.049000,1.10223,1.10165,1000000,1500000
2016-06-26 21:06:11.151000,1.10226,1.10164,1000000,1000000
2016-06-26 21:06:11.237000,1.10240,1.10164,1000000,1000000
2016-06-26 21:06:11.776000,1.10241,1.10165,1000000,1000000
2016-06-26 21:06:12.531000,1.10204,1.10165,750000,1000000
2016-06-26 21:06:12.842000,1.10179,1.10163,1000000,1000000
2016-06-26 21:06:13.584000,1.10179,1.10162,1000000,1000000
2016-06-26 21:06:15.247000,1.10179,1.10163,1000000,1000000
2016-06-26 21:06:15.672000,1.10190,1.10182,1000000,1000000
2016-06-26 21:06:15.723000,1.10194,1.10185,1000000,1000000
2016-06-26 21:06:15.825000,1.10195,1.10182,750000,1000000
2016-06-26 21:06:15.876000,1.10195,1.10186,750000,1000000
2016-06-26 21:06:15.927000,1.10209,1.10186,1000000,1000000
2016-06-26 21:06:15.978000,1.10215,1.10183,1500000,1500000
2016-06-26 21:06:16.079000,1.10218,1.10183,2250000,1500000
2016-06-26 21:06:18.360000,1.10192,1.10180,750000,1000000
2016-06-26 21:06:18.512000,1.10180,1.10165,1000000,1000000
2016-06-26 21:06:18.563000,1.10180,1.10163,1000000,1000000
2016-06-26 21:06:20.556000,1.10180,1.10162,1000000,1000000
2016-06-26 21:06:21.151000,1.10180,1.10163,1000000,1000000
2016-06-26 21:06:23.361000,1.10178,1.10163,1000000,1000000
2016-06-26 21:06:23.546000,1.10178,1.10161,1000000,1000000
2016-06-26 21:06:24.164000,1.10178,1.10158,1500000,750000
2016-06-26 21:06:24.215000,1.10178,1.10148,1500000,1500000
2016-06-26 21:06:26.835000,1.10178,1.10155,1500000,1000000
2016-06-26 21:06:27.176000,1.10178,1.10162,1000000,1000000
2016-06-26 21:06:29.600000,1.10163,1.10159,750000,1000000
2016-06-26 21:06:29.701000,1.10161,1.10144,1000000,1000000
2016-06-26 21:06:29.904000,1.10167,1.10150,1000000,1000000
2016-06-26 21:06:30.106000,1.10195,1.10149,1000000,2250000
2016-06-26 21:06:30.207000,1.10220,1.10147,1000000,1000000
2016-06-26 21:06:30.258000,1.10225,1.10147,1000000,1000000
2016-06-26 21:06:30.374000,1.10225,1.10196,1000000,1000000
2016-06-26 21:06:30.428000,1.10244,1.10196,1000000,1000000
2016-06-26 21:06:30.971000,1.10248,1.10193,2250000,1500000
2016-06-26 21:06:31.072000,1.10248,1.10190,1000000,1000000
2016-06-26 21:06:31.174000,1.10248,1.10188,1000000,750000
2016-06-26 21:06:31.237000,1.10248,1.10176,1000000,750000
2016-06-26 21:06:32.371000,1.10237,1.10176,750000,750000
2016-06-26 21:06:32.888000,1.10237,1.10177,1000000,1000000
2016-06-26 21:06:35.193000,1.10191,1.10177,1000000,750000
2016-06-26 21:06:35.244000,1.10191,1.10157,1000000,1000000
2016-06-26 21:06:35.295000,1.10189,1.10159,1500000,1500000
2016-06-26 21:06:35.396000,1.10189,1.10149,1000000,1370000
2016-06-26 21:06:35.474000,1.10189,1.10149,1000000,1000000
2016-06-26 21:06:35.736000,1.10189,1.10151,1000000,1000000
2016-06-26 21:06:36.089000,1.10188,1.10154,1000000,1500000
2016-06-26 21:06:36.517000,1.10188,1.10156,1000000,1000000
2016-06-26 21:06:38.978000,1.10189,1.10156,1500000,1000000
2016-06-26 21:06:39.282000,1.10220,1.10160,1500000,1000000
2016-06-26 21:06:39.383000,1.10231,1.10206,1000000,750000
2016-06-26 21:06:39.485000,1.10235,1.10221,1000000,1000000
2016-06-26 21:06:39.536000,1.10239,1.10221,1000000,1000000
2016-06-26 21:06:39.586000,1.10239,1.10223,1000000,1000000
2016-06-26 21:06:40.478000,1.10238,1.10219,1000000,1000000
2016-06-26 21:06:40.630000,1.10238,1.10205,1500000,1000000
2016-06-26 21:06:40.681000,1.10238,1.10201,1500000,1000000
2016-06-26 21:06:42.013000,1.10246,1.10201,1000000,1000000
2016-06-26 21:06:42.064000,1.10246,1.10199,1000000,1500000
2016-06-26 21:06:42.611000,1.10246,1.10185,1000000,1130000
2016-06-26 21:06:44.115000,1.10250,1.10185,1500000,1130000
2016-06-26 21:06:44.216000,1.10260,1.10185,1500000,1130000
2016-06-26 21:06:44.389000,1.10275,1.10185,1000000,1130000
2016-06-26 21:06:44.439000,1.10280,1.10208,750000,750000
2016-06-26 21:06:44.742000,1.10336,1.10263,1120000,1000000
2016-06-26 21:06:44.894000,1.10331,1.10265,1000000,1000000
2016-06-26 21:06:45.096000,1.10335,1.10263,1500000,1000000
2016-06-26 21:06:45.624000,1.10336,1.10263,1000000,1000000
2016-06-26 21:06:45.725000,1.10301,1.10263,1000000,1000000
2016-06-26 21:06:46.093000,1.10298,1.10263,2250000,1500000
2016-06-26 21:06:46.906000,1.10296,1.10262,1500000,1000000
2016-06-26 21:06:47.605000,1.10299,1.10259,1500000,1500000
2016-06-26 21:06:47.707000,1.10299,1.10238,1000000,750000
2016-06-26 21:06:47.808000,1.10299,1.10219,1000000,1000000
2016-06-26 21:06:51.568000,1.10281,1.10219,2250000,750000
2016-06-26 21:06:51.872000,1.10232,1.10161,1000000,1380000
2016-06-26 21:06:51.923000,1.10240,1.10161,5250000,1130000
2016-06-26 21:06:52.024000,1.10275,1.10160,1500000,1130000
2016-06-26 21:06:54.915000,1.10272,1.10224,2250000,1000000
2016-06-26 21:06:55.016000,1.10279,1.10224,1000000,1000000
2016-06-26 21:06:55.067000,1.10288,1.10224,1000000,1000000
2016-06-26 21:06:58.606000,1.10288,1.10220,750000,1000000
2016-06-26 21:06:58.657000,1.10288,1.10215,750000,1500000
2016-06-26 21:06:58.708000,1.10295,1.10210,1000000,1500000
2016-06-26 21:06:58.792000,1.10299,1.10210,1000000,750000
2016-06-26 21:06:58.893000,1.10299,1.10218,1000000,750000
2016-06-26 21:06:59.435000,1.10299,1.10217,1000000,750000
2016-06-26 21:07:04.679000,1.10299,1.10216,1000000,750000
2016-06-26 21:07:07.974000,1.10252,1.10216,1000000,750000
2016-06-26 21:07:08.228000,1.10248,1.10186,1000000,1130000
2016-06-26 21:07:09.025000,1.10250,1.10187,1000000,1130000
2016-06-26 21:07:09.076000,1.10255,1.10187,1350000,1130000
2016-06-26 21:07:09.127000,1.10257,1.10187,1500000,1130000
2016-06-26 21:07:09.311000,1.10271,1.10187,1000000,1130000
2016-06-26 21:07:11.834000,1.10259,1.10187,1000000,1130000
2016-06-26 21:07:13.734000,1.10260,1.10183,1000000,1130000
2016-06-26 21:07:13.785000,1.10274,1.10183,1520000,1130000
2016-06-26 21:07:13.836000,1.10274,1.10183,1000000,1130000
2016-06-26 21:07:13.937000,1.10270,1.10183,1000000,1130000
2016-06-26 21:07:15.882000,1.10270,1.10183,1500000,1130000
2016-06-26 21:07:17.435000,1.10270,1.10183,1500000,1380000
2016-06-26 21:07:29.991000,1.10270,1.10187,1500000,1130000
2016-06-26 21:07:30.345000,1.10254,1.10190,750000,1130000
2016-06-26 21:07:32.748000,1.10254,1.10190,750000,1130000
2016-06-26 21:07:33.056000,1.10260,1.10190,1000000,1130000
2016-06-26 21:07:33.753000,1.10270,1.10190,2250000,1130000
2016-06-26 21:07:38.253000,1.10270,1.10202,1000000,1000000
2016-06-26 21:07:38.787000,1.10270,1.10212,1000000,750000
2016-06-26 21:07:41.756000,1.10270,1.10207,1000000,1000000
2016-06-26 21:07:42.988000,1.10270,1.10193,1000000,1510000
2016-06-26 21:07:43.190000,1.10270,1.10206,1000000,1000000
2016-06-26 21:07:50.263000,1.10270,1.10207,1000000,1000000
2016-06-26 21:07:51.872000,1.10270,1.10211,1000000,1000000
2016-06-26 21:07:51.973000,1.10280,1.10211,1000000,1000000
2016-06-26 21:07:52.024000,1.10284,1.10211,1000000,1000000
2016-06-26 21:07:52.176000,1.10284,1.10215,1000000,750000
2016-06-26 21:07:52.277000,1.10292,1.10215,1000000,750000
2016-06-26 21:07:52.684000,1.10292,1.10213,1000000,750000
2016-06-26 21:07:53.192000,1.10293,1.10214,1000000,750000
2016-06-26 21:07:53.818000,1.10292,1.10214,1000000,750000
2016-06-26 21:07:54.518000,1.10292,1.10215,1000000,750000
2016-06-26 21:07:56.004000,1.10292,1.10212,1000000,1000000
2016-06-26 21:08:12.221000,1.10292,1.10213,1000000,1000000
2016-06-26 21:08:12.282000,1.10292,1.10221,750000,1000000
2016-06-26 21:08:12.384000,1.10305,1.10221,1000000,1000000
2016-06-26 21:08:15.706000,1.10305,1.10223,1000000,1000000
2016-06-26 21:08:15.808000,1.10315,1.10221,1000000,1000000
2016-06-26 21:08:15.909000,1.10309,1.10222,1000000,1000000
2016-06-26 21:08:16.235000,1.10305,1.10225,1000000,1000000
2016-06-26 21:08:17.911000,1.10307,1.10225,1000000,1500000
2016-06-26 21:08:17.962000,1.10315,1.10225,1000000,1500000
2016-06-26 21:08:21.086000,1.10315,1.10233,1000000,750000
2016-06-26 21:08:23.085000,1.10298,1.10233,750000,750000
2016-06-26 21:08:23.237000,1.10298,1.10225,1000000,1500000
2016-06-26 21:08:25.099000,1.10296,1.10225,1000000,1500000
2016-06-26 21:08:28.996000,1.10297,1.10224,1000000,1000000
2016-06-26 21:08:29.803000,1.10296,1.10232,1000000,750000
2016-06-26 21:08:32.803000,1.10296,1.10225,1000000,1000000
2016-06-26 21:08:33.675000,1.10296,1.10253,1000000,750000
2016-06-26 21:08:33.979000,1.10296,1.10261,1000000,1500000
2016-06-26 21:08:34.354000,1.10296,1.10264,1000000,1500000
2016-06-26 21:08:35.859000,1.10296,1.10265,1000000,1500000
2016-06-26 21:08:40.540000,1.10313,1.10264,1000000,1500000
2016-06-26 21:08:44.419000,1.10313,1.10260,1000000,1500000
2016-06-26 21:08:47.310000,1.10313,1.10280,1000000,750000
2016-06-26 21:08:47.639000,1.10318,1.10288,1000000,1500000
2016-06-26 21:08:47.981000,1.10318,1.10285,1000000,1000000
2016-06-26 21:08:48.082000,1.10318,1.10288,1000000,1500000
2016-06-26 21:08:49.893000,1.10318,1.10285,1000000,1000000
2016-06-26 21:08:49.994000,1.10318,1.10287,1000000,1500000
2016-06-26 21:08:50.327000,1.10318,1.10285,1000000,2250000
2016-06-26 21:08:55.829000,1.10319,1.10280,1000000,1000000
2016-06-26 21:08:55.982000,1.10319,1.10276,1500000,750000
2016-06-26 21:08:56.085000,1.10319,1.10268,1500000,1000000
2016-06-26 21:09:00.868000,1.10315,1.10268,1000000,750000
2016-06-26 21:09:00.969000,1.10314,1.10259,1000000,1000000
2016-06-26 21:09:02.366000,1.10314,1.10249,1000000,1000000
2016-06-26 21:09:02.450000,1.10314,1.10246,1000000,1000000
2016-06-26 21:09:04.346000,1.10314,1.10245,1000000,1000000
2016-06-26 21:09:04.839000,1.10314,1.10251,1000000,1000000
2016-06-26 21:09:05.287000,1.10314,1.10255,1000000,1000000
2016-06-26 21:09:06.188000,1.10315,1.10255,1500000,1000000
2016-06-26 21:09:08.374000,1.10314,1.10255,1000000,1000000
2016-06-26 21:09:09.078000,1.10307,1.10255,1000000,1000000
2016-06-26 21:09:17.172000,1.10307,1.10245,750000,750000
2016-06-26 21:09:20.052000,1.10307,1.10248,750000,1000000
2016-06-26 21:09:24.691000,1.10307,1.10253,750000,1000000
2016-06-26 21:09:25.960000,1.10307,1.10257,1000000,1000000
2016-06-26 21:09:26.061000,1.10307,1.10255,1000000,1500000
2016-06-26 21:09:26.365000,1.10303,1.10255,1000000,1000000
2016-06-26 21:09:26.669000,1.10301,1.10253,2250000,1000000
2016-06-26 21:09:26.972000,1.10296,1.10252,2250000,1000000
2016-06-26 21:09:27.299000,1.10289,1.10251,1000000,1500000
2016-06-26 21:09:27.602000,1.10284,1.10250,1000000,2250000
2016-06-26 21:09:27.906000,1.10276,1.10253,1000000,1000000
2016-06-26 21:09:28.058000,1.10273,1.10249,1000000,750000
2016-06-26 21:09:28.109000,1.10273,1.10229,1000000,1000000
2016-06-26 21:09:28.617000,1.10273,1.10228,1000000,1000000
2016-06-26 21:09:31.573000,1.10273,1.10245,1000000,1000000
2016-06-26 21:09:31.943000,1.10276,1.10253,1000000,1000000
2016-06-26 21:09:32.260000,1.10279,1.10256,2250000,1000000
2016-06-26 21:09:37.972000,1.10277,1.10254,1000000,1000000
2016-06-26 21:09:38.024000,1.10277,1.10249,1000000,1500000
2016-06-26 21:09:38.075000,1.10277,1.10245,1500000,1500000
2016-06-26 21:09:44.507000,1.10277,1.10244,1500000,1000000
2016-06-26 21:10:00.473000,1.10277,1.10245,1500000,1000000
2016-06-26 21:10:00.877000,1.10279,1.10245,1500000,1000000
2016-06-26 21:10:01.355000,1.10280,1.10243,1000000,1000000
2016-06-26 21:10:01.416000,1.10285,1.10262,1520000,1000000
2016-06-26 21:10:01.467000,1.10300,1.10262,1000000,1000000
2016-06-26 21:10:01.518000,1.10304,1.10262,750000,1000000
2016-06-26 21:10:01.620000,1.10315,1.10262,1000000,1000000
2016-06-26 21:10:02.415000,1.10315,1.10255,1000000,1000000
2016-06-26 21:10:02.972000,1.10316,1.10255,1000000,1000000
2016-06-26 21:10:05.230000,1.10316,1.10256,1000000,1000000
2016-06-26 21:10:05.820000,1.10301,1.10250,1000000,1000000
2016-06-26 21:10:06.123000,1.10296,1.10248,1000000,1000000
2016-06-26 21:10:08.583000,1.10294,1.10248,1000000,1000000
2016-06-26 21:10:10.802000,1.10295,1.10244,1000000,1000000
2016-06-26 21:10:10.906000,1.10297,1.10244,1000000,1000000
2016-06-26 21:10:11.017000,1.10300,1.10289,5250000,750000
2016-06-26 21:10:11.119000,1.10315,1.10303,1000000,1000000
2016-06-26 21:10:11.170000,1.10318,1.10305,1000000,1000000
2016-06-26 21:10:11.221000,1.10320,1.10305,1000000,1500000
2016-06-26 21:10:11.322000,1.10334,1.10304,1500000,1000000
2016-06-26 21:10:12.605000,1.10328,1.10302,1000000,1000000
2016-06-26 21:10:13.126000,1.10328,1.10303,1000000,1000000
2016-06-26 21:10:13.177000,1.10330,1.10303,1000000,1000000
2016-06-26 21:10:13.228000,1.10334,1.10303,1500000,1000000
2016-06-26 21:10:21.493000,1.10334,1.10300,1500000,2830000
2016-06-26 21:10:21.695000,1.10322,1.10300,750000,1330000
2016-06-26 21:10:21.797000,1.10334,1.10300,1500000,1330000
2016-06-26 21:10:22.016000,1.10335,1.10303,1000000,1000000
2016-06-26 21:10:22.524000,1.10336,1.10303,1500000,1000000
2016-06-26 21:10:35.898000,1.10335,1.10303,1000000,1000000
2016-06-26 21:10:45.241000,1.10335,1.10304,1500000,1000000
2016-06-26 21:10:45.371000,1.10345,1.10304,1500000,1000000
2016-06-26 21:10:45.729000,1.10342,1.10304,1000000,1000000
2016-06-26 21:10:46.033000,1.10339,1.10302,1500000,1000000
2016-06-26 21:10:46.382000,1.10346,1.10303,1500000,1000000
2016-06-26 21:10:46.534000,1.10344,1.10303,1000000,1000000
2016-06-26 21:10:46.846000,1.10341,1.10302,1500000,1000000
2016-06-26 21:11:13.259000,1.10341,1.10301,1500000,3000000
2016-06-26 21:11:15.845000,1.10341,1.10303,1000000,1000000
2016-06-26 21:11:16.005000,1.10343,1.10303,1500000,1500000
2016-06-26 21:11:16.354000,1.10343,1.10321,1500000,1000000
2016-06-26 21:11:16.607000,1.10345,1.10312,1000000,1500000
2016-06-26 21:11:16.865000,1.10345,1.10304,1000000,1500000
2016-06-26 21:11:17.369000,1.10343,1.10304,1000000,1500000
2016-06-26 21:11:18.061000,1.10326,1.10304,750000,1500000
2016-06-26 21:11:18.179000,1.10343,1.10304,1000000,1500000
2016-06-26 21:11:18.720000,1.10342,1.10303,1000000,1500000
2016-06-26 21:11:18.923000,1.10345,1.10303,1500000,1500000
2016-06-26 21:11:19.876000,1.10343,1.10303,1500000,1500000
2016-06-26 21:11:20.277000,1.10343,1.10320,2250000,1000000
2016-06-26 21:11:20.580000,1.10336,1.10323,1000000,1500000
2016-06-26 21:11:21.174000,1.10337,1.10323,1000000,1500000
2016-06-26 21:11:21.778000,1.10336,1.10323,1000000,1500000
2016-06-26 21:11:22.282000,1.10337,1.10323,1000000,2250000
2016-06-26 21:11:22.485000,1.10343,1.10323,1000000,1000000
2016-06-26 21:11:22.602000,1.10345,1.10322,2250000,1500000
2016-06-26 21:11:25.563000,1.10340,1.10322,1000000,1500000
2016-06-26 21:11:25.866000,1.10338,1.10324,1000000,1000000
2016-06-26 21:11:26.682000,1.10329,1.10324,6000000,1000000
2016-06-26 21:11:26.796000,1.10323,1.10321,1000000,1000000
2016-06-26 21:11:26.850000,1.10319,1.10305,1000000,1500000
2016-06-26 21:11:27.001000,1.10317,1.10300,1000000,1330000
2016-06-26 21:11:27.153000,1.10315,1.10305,1000000,1000000
2016-06-26 21:11:27.456000,1.10313,1.10305,1000000,1500000
2016-06-26 21:11:28.497000,1.10314,1.10305,1000000,1000000
2016-06-26 21:11:29.398000,1.10318,1.10304,2500000,1000000
2016-06-26 21:11:29.449000,1.10342,1.10302,1000000,1000000
2016-06-26 21:11:34.905000,1.10327,1.10302,1500000,1500000
2016-06-26 21:11:35.426000,1.10326,1.10302,1500000,3000000
2016-06-26 21:11:36.723000,1.10326,1.10304,1500000,1500000
2016-06-26 21:11:37.026000,1.10320,1.10303,1000000,1000000
2016-06-26 21:11:37.206000,1.10326,1.10303,1500000,1000000
2016-06-26 21:11:37.611000,1.10337,1.10303,1500000,1000000
2016-06-26 21:11:39.389000,1.10338,1.10303,1000000,1500000
2016-06-26 21:11:39.440000,1.10340,1.10303,1000000,1500000
2016-06-26 21:11:39.541000,1.10344,1.10303,1000000,1500000
2016-06-26 21:11:42.174000,1.10346,1.10303,1000000,1500000
2016-06-26 21:11:47.571000,1.10345,1.10303,1000000,1500000
2016-06-26 21:11:47.638000,1.10341,1.10301,1500000,3000000
2016-06-26 21:11:47.739000,1.10345,1.10303,1000000,1000000
2016-06-26 21:11:48.288000,1.10346,1.10303,1000000,1000000
2016-06-26 21:11:53.973000,1.10345,1.10301,1000000,1500000
2016-06-26 21:11:54.024000,1.10341,1.10301,1000000,1500000
2016-06-26 21:11:59.029000,1.10340,1.10301,1000000,2250000
2016-06-26 21:11:59.334000,1.10337,1.10301,1000000,1500000
2016-06-26 21:11:59.435000,1.10340,1.10301,1000000,1500000
2016-06-26 21:11:59.945000,1.10338,1.10285,1000000,1950000
2016-06-26 21:12:02.447000,1.10341,1.10274,1000000,1000000
2016-06-26 21:12:02.549000,1.10344,1.10273,1000000,1000000
2016-06-26 21:12:02.651000,1.10344,1.10269,1000000,1000000
2016-06-26 21:12:02.904000,1.10344,1.10253,1000000,1000000
2016-06-26 21:12:04.757000,1.10319,1.10253,750000,1000000
2016-06-26 21:12:05.068000,1.10319,1.10278,750000,750000
2016-06-26 21:12:05.321000,1.10298,1.10230,1000000,1000000
2016-06-26 21:12:05.372000,1.10298,1.10224,1000000,1000000
2016-06-26 21:12:05.423000,1.10298,1.10222,1000000,1500000
2016-06-26 21:12:05.575000,1.10298,1.10227,1000000,1000000
2016-06-26 21:12:05.626000,1.10321,1.10227,1000000,1000000
2016-06-26 21:12:05.677000,1.10325,1.10227,1000000,1000000
2016-06-26 21:12:05.778000,1.10331,1.10227,1000000,1000000
2016-06-26 21:12:06.148000,1.10331,1.10234,1000000,750000
2016-06-26 21:12:06.584000,1.10331,1.10239,1000000,1000000
2016-06-26 21:12:08.440000,1.10330,1.10257,1000000,1000000
2016-06-26 21:12:08.744000,1.10326,1.10257,1000000,1000000
2016-06-26 21:12:13.912000,1.10326,1.10261,1000000,1000000
2016-06-26 21:12:14.232000,1.10326,1.10265,1370000,1000000
2016-06-26 21:12:16.365000,1.10325,1.10280,1870000,2250000
2016-06-26 21:12:16.708000,1.10325,1.10283,1870000,1000000
2016-06-26 21:12:18.941000,1.10326,1.10281,1370000,1000000
2016-06-26 21:12:18.993000,1.10326,1.10281,1750000,750000
2016-06-26 21:12:19.044000,1.10318,1.10274,1370000,750000
2016-06-26 21:12:22.847000,1.10318,1.10290,1370000,750000
2016-06-26 21:12:22.948000,1.10318,1.10292,1000000,1000000
2016-06-26 21:12:23.050000,1.10325,1.10292,1570000,1000000
2016-06-26 21:12:23.797000,1.10328,1.10292,2250000,1000000
2016-06-26 21:12:24.050000,1.10318,1.10274,1370000,1000000
2016-06-26 21:12:25.721000,1.10318,1.10275,1370000,1000000
2016-06-26 21:12:25.773000,1.10318,1.10301,1370000,1000000
2016-06-26 21:12:25.903000,1.10325,1.10303,1000000,1500000
2016-06-26 21:12:26.754000,1.10326,1.10303,1500000,1500000
2016-06-26 21:12:26.856000,1.10322,1.10303,1000000,1000000
2016-06-26 21:12:26.907000,1.10322,1.10293,1370000,750000
2016-06-26 21:12:26.958000,1.10321,1.10274,1370000,1000000
2016-06-26 21:12:32.550000,1.10321,1.10270,1370000,1000000
2016-06-26 21:12:32.672000,1.10321,1.10266,1370000,1100000
2016-06-26 21:12:34.585000,1.10321,1.10262,1500000,1500000
2016-06-26 21:12:37.329000,1.10321,1.10262,1500000,1070000
2016-06-26 21:12:54.974000,1.10317,1.10276,1370000,1000000
2016-06-26 21:12:55.126000,1.10326,1.10315,1000000,1000000
2016-06-26 21:12:55.177000,1.10318,1.10311,1370000,1000000
2016-06-26 21:12:55.229000,1.10318,1.10306,1370000,1500000
2016-06-26 21:12:55.330000,1.10326,1.10314,1500000,1500000
2016-06-26 21:12:55.885000,1.10325,1.10314,1500000,1500000
2016-06-26 21:12:57.464000,1.10325,1.10311,1750000,1000000
2016-06-26 21:12:57.566000,1.10319,1.10303,1370000,1000000
2016-06-26 21:12:57.617000,1.10320,1.10264,1370000,1100000
2016-06-26 21:13:05.659000,1.10319,1.10303,1370000,1000000
2016-06-26 21:13:05.710000,1.10319,1.10303,1000000,1000000
2016-06-26 21:13:05.811000,1.10323,1.10303,1500000,1000000
2016-06-26 21:13:06.826000,1.10324,1.10303,1500000,1000000
2016-06-26 21:13:07.352000,1.10324,1.10300,1750000,1500000
2016-06-26 21:13:07.454000,1.10319,1.10290,1370000,750000
2016-06-26 21:13:07.505000,1.10319,1.10268,1370000,1000000
2016-06-26 21:13:09.549000,1.10319,1.10273,1370000,1000000
2016-06-26 21:13:09.872000,1.10329,1.10313,1570000,1500000
2016-06-26 21:13:10.633000,1.10320,1.10313,1000000,1500000
2016-06-26 21:13:10.684000,1.10320,1.10301,1370000,750000
2016-06-26 21:13:10.735000,1.10319,1.10265,1370000,1500000
2016-06-26 21:13:11.522000,1.10319,1.10264,1370000,1100000
2016-06-26 21:13:12.156000,1.10319,1.10294,1370000,1000000
2016-06-26 21:13:12.207000,1.10326,1.10299,1000000,1000000
2016-06-26 21:13:12.258000,1.10326,1.10302,1000000,1000000
2016-06-26 21:13:14.539000,1.10318,1.10302,1370000,1000000
2016-06-26 21:13:14.590000,1.10318,1.10265,1370000,1000000
2016-06-26 21:13:15.133000,1.10318,1.10264,1370000,1500000
2016-06-26 21:13:15.216000,1.10295,1.10254,1000000,2620000
2016-06-26 21:13:15.469000,1.10311,1.10263,2250000,1000000
2016-06-26 21:13:15.520000,1.10311,1.10263,1870000,1070000
2016-06-26 21:13:18.767000,1.10311,1.10299,1870000,1000000
2016-06-26 21:13:18.818000,1.10315,1.10301,1000000,1000000
2016-06-26 21:13:18.869000,1.10319,1.10316,1000000,750000
2016-06-26 21:13:18.971000,1.10330,1.10316,1000000,1000000
2016-06-26 21:13:19.073000,1.10328,1.10316,1000000,1000000
2016-06-26 21:13:19.377000,1.10326,1.10318,1000000,1000000
2016-06-26 21:13:19.478000,1.10319,1.10275,1370000,750000
2016-06-26 21:13:19.537000,1.10319,1.10281,1370000,1000000
2016-06-26 21:13:19.843000,1.10330,1.10316,2250000,1000000
2016-06-26 21:13:20.531000,1.10329,1.10316,1000000,1000000
2016-06-26 21:13:20.952000,1.10326,1.10310,1000000,1500000
2016-06-26 21:13:21.004000,1.10326,1.10308,1750000,1500000
2016-06-26 21:13:21.055000,1.10313,1.10299,1120000,1750000
2016-06-26 21:13:21.106000,1.10313,1.10279,1500000,1000000
2016-06-26 21:13:21.157000,1.10309,1.10266,1370000,1000000
2016-06-26 21:13:21.260000,1.10309,1.10264,1370000,1000000
2016-06-26 21:13:21.773000,1.10309,1.10264,1070000,1370000
2016-06-26 21:13:27.749000,1.10309,1.10264,1070000,1370000
2016-06-26 21:13:27.951000,1.10315,1.10267,1370000,1000000
2016-06-26 21:13:28.053000,1.10315,1.10261,1370000,1000000
2016-06-26 21:13:28.154000,1.10315,1.10256,1370000,1500000
2016-06-26 21:13:28.762000,1.10315,1.10255,1370000,1000000
2016-06-26 21:13:29.348000,1.10315,1.10254,1370000,2250000
2016-06-26 21:13:29.575000,1.10315,1.10256,1750000,1000000
2016-06-26 21:13:30.074000,1.10309,1.10258,1370000,1000000
2016-06-26 21:13:30.237000,1.10309,1.10258,1370000,1000000
2016-06-26 21:13:33.494000,1.10309,1.10257,1370000,1000000
2016-06-26 21:13:34.832000,1.10309,1.10259,1370000,1000000
2016-06-26 21:13:35.136000,1.10323,1.10310,1000000,1000000
2016-06-26 21:13:35.267000,1.10323,1.10304,1000000,1000000
2016-06-26 21:13:35.319000,1.10325,1.10304,1750000,1000000
2016-06-26 21:13:35.370000,1.10315,1.10298,1370000,1000000
2016-06-26 21:13:35.422000,1.10315,1.10266,1500000,1000000
2016-06-26 21:13:35.624000,1.10311,1.10266,1370000,750000
2016-06-26 21:13:37.019000,1.10267,1.10263,370000,1000000
2016-06-26 21:13:37.071000,1.10244,1.10238,1000000,1000000
2016-06-26 21:13:37.123000,1.10244,1.10223,1000000,1400000
2016-06-26 21:13:37.174000,1.10250,1.10242,2170000,1000000
2016-06-26 21:13:37.275000,1.10245,1.10218,1000000,1400000
2016-06-26 21:13:37.498000,1.10261,1.10217,750000,1780000
2016-06-26 21:13:40.894000,1.10267,1.10255,750000,1000000
2016-06-26 21:13:40.995000,1.10304,1.10255,1370000,1000000
2016-06-26 21:13:42.471000,1.10304,1.10271,1370000,750000
2016-06-26 21:13:42.775000,1.10320,1.10292,3750000,1000000
2016-06-26 21:13:42.826000,1.10323,1.10292,1570000,1000000
2016-06-26 21:13:44.292000,1.10323,1.10315,1570000,750000
2016-06-26 21:13:44.523000,1.10315,1.10298,1000000,1000000
2016-06-26 21:13:44.574000,1.10315,1.10295,1000000,2250000
2016-06-26 21:13:44.644000,1.10315,1.10293,1000000,1500000
2016-06-26 21:13:45.790000,1.10315,1.10292,1000000,1500000
2016-06-26 21:13:45.913000,1.10322,1.10292,1500000,1000000
2016-06-26 21:13:46.178000,1.10319,1.10290,1000000,1500000
2016-06-26 21:13:47.106000,1.10322,1.10271,1370000,1500000
2016-06-26 21:13:47.158000,1.10322,1.10260,1370000,1500000
2016-06-26 21:13:52.209000,1.10322,1.10253,1370000,1500000
2016-06-26 21:13:55.085000,1.10322,1.10287,1370000,750000
2016-06-26 21:13:55.136000,1.10322,1.10288,1000000,1500000
2016-06-26 21:13:55.219000,1.10322,1.10290,1000000,1000000
2016-06-26 21:13:55.775000,1.10323,1.10290,2250000,1500000
2016-06-26 21:13:57.519000,1.10325,1.10290,1500000,1000000
2016-06-26 21:13:57.621000,1.10326,1.10254,1750000,1000000
2016-06-26 21:13:59.473000,1.10326,1.10259,1750000,2250000
2016-06-26 21:13:59.777000,1.10322,1.10291,1500000,1000000
2016-06-26 21:14:01.617000,1.10322,1.10290,1500000,1000000
2016-06-26 21:14:03.125000,1.10325,1.10290,1750000,1000000
2016-06-26 21:14:03.226000,1.10322,1.10254,1370000,1000000
2016-06-26 21:14:03.774000,1.10322,1.10254,1370000,1000000
2016-06-26 21:14:04.348000,1.10322,1.10284,1370000,1000000
2016-06-26 21:14:04.450000,1.10322,1.10291,2250000,1000000
2016-06-26 21:14:13.399000,1.10322,1.10291,1570000,1500000
2016-06-26 21:14:15.929000,1.10318,1.10290,1000000,1000000
2016-06-26 21:14:15.980000,1.10318,1.10284,1000000,1000000
2016-06-26 21:14:16.031000,1.10319,1.10275,1370000,1500000
2016-06-26 21:14:16.604000,1.10319,1.10276,1370000,1000000
2016-06-26 21:14:17.335000,1.10319,1.10286,1370000,1000000
2016-06-26 21:14:17.437000,1.10324,1.10291,1570000,1000000
2016-06-26 21:14:22.698000,1.10324,1.10291,1570000,1000000
2016-06-26 21:14:24.042000,1.10324,1.10291,1000000,1570000
2016-06-26 21:14:24.622000,1.10326,1.10291,1570000,2320000
2016-06-26 21:14:26.144000,1.10325,1.10291,1120000,1000000
2016-06-26 21:14:26.659000,1.10325,1.10283,1870000,1370000
2016-06-26 21:14:30.147000,1.10325,1.10292,1120000,1000000
2016-06-26 21:14:30.220000,1.10326,1.10292,1570000,1070000
2016-06-26 21:14:39.654000,1.10323,1.10292,1000000,1070000
2016-06-26 21:14:40.005000,1.10320,1.10291,1500000,1070000
2016-06-26 21:14:40.106000,1.10320,1.10280,1570000,4120000
2016-06-26 21:14:41.299000,1.10321,1.10291,1000000,1100000
2016-06-26 21:14:42.489000,1.10323,1.10291,1070000,2320000
2016-06-26 21:14:42.792000,1.10320,1.10281,1570000,1870000
2016-06-26 21:14:43.903000,1.10320,1.10290,1570000,1500000
2016-06-26 21:14:43.954000,1.10320,1.10290,1500000,3820000
2016-06-26 21:14:50.558000,1.10320,1.10290,2250000,6070000
2016-06-26 21:14:50.860000,1.10294,1.10286,1000000,1000000
2016-06-26 21:14:51.164000,1.10286,1.10278,1000000,1070000
2016-06-26 21:14:51.266000,1.10290,1.10275,1000000,1000000
2016-06-26 21:14:51.336000,1.10293,1.10272,1500000,1010000
2016-06-26 21:14:52.452000,1.10293,1.10286,1000000,750000
2016-06-26 21:14:52.605000,1.10296,1.10287,1000000,1000000
2016-06-26 21:14:52.711000,1.10298,1.10287,1000000,1000000
2016-06-26 21:14:53.065000,1.10296,1.10285,1000000,1500000
2016-06-26 21:14:53.167000,1.10296,1.10277,1000000,1000000
2016-06-26 21:14:53.321000,1.10296,1.10281,1000000,1000000
2016-06-26 21:14:53.652000,1.10299,1.10288,1000000,1000000
2016-06-26 21:14:54.171000,1.10300,1.10288,1500000,1500000
2016-06-26 21:14:59.062000,1.10301,1.10288,1500000,1000000
2016-06-26 21:14:59.663000,1.10300,1.10288,1000000,1000000
2016-06-26 21:15:00.703000,1.10298,1.10288,1000000,1500000
2016-06-26 21:15:00.906000,1.10297,1.10282,1000000,1000000
2016-06-26 21:15:01.108000,1.10297,1.10284,1000000,1000000
2016-06-26 21:15:01.428000,1.10296,1.10284,1870000,750000
2016-06-26 21:15:01.479000,1.10296,1.10282,2630000,1000000
2016-06-26 21:15:01.580000,1.10294,1.10280,1370000,1000000
2016-06-26 21:15:01.682000,1.10291,1.10279,2250000,1000000
2016-06-26 21:15:01.734000,1.10283,1.10277,1000000,1000000
2016-06-26 21:15:02.038000,1.10283,1.10267,1370000,1010000
2016-06-26 21:15:02.690000,1.10283,1.10268,1370000,1010000
2016-06-26 21:15:03.302000,1.10283,1.10279,1000000,1000000
2016-06-26 21:15:03.435000,1.10289,1.10282,1000000,1000000
2016-06-26 21:15:03.536000,1.10297,1.10282,1070000,1000000
2016-06-26 21:15:04.498000,1.10296,1.10285,1100000,750000
2016-06-26 21:15:04.803000,1.10293,1.10285,1000000,2250000
2016-06-26 21:15:05.299000,1.10295,1.10277,1750000,1000000
2016-06-26 21:15:05.646000,1.10289,1.10275,1370000,1000000
2016-06-26 21:15:06.469000,1.10289,1.10281,1370000,1000000
2016-06-26 21:15:06.623000,1.10294,1.10286,1000000,1000000
2016-06-26 21:15:07.264000,1.10294,1.10282,1750000,1000000
2016-06-26 21:15:07.315000,1.10287,1.10275,1370000,1000000
2016-06-26 21:15:10.526000,1.10280,1.10267,1070000,1380000
2016-06-26 21:15:10.578000,1.10279,1.10267,1370000,1380000
2016-06-26 21:15:11.098000,1.10271,1.10260,1070000,1380000
2016-06-26 21:15:13.886000,1.10280,1.10276,4870000,1000000
2016-06-26 21:15:13.987000,1.10287,1.10280,1000000,1000000
2016-06-26 21:15:14.038000,1.10294,1.10286,1000000,1000000
2016-06-26 21:15:15.033000,1.10295,1.10285,1500000,1500000
2016-06-26 21:15:15.084000,1.10295,1.10282,1750000,1000000
2016-06-26 21:15:15.135000,1.10287,1.10280,1370000,1000000
2016-06-26 21:15:15.296000,1.10287,1.10269,1500000,380000
2016-06-26 21:15:15.830000,1.10287,1.10270,1500000,380000
2016-06-26 21:15:16.331000,1.10287,1.10269,1500000,380000
2016-06-26 21:15:19.901000,1.10287,1.10267,1000000,1380000
2016-06-26 21:15:19.985000,1.10297,1.10274,1000000,1010000
2016-06-26 21:15:21.173000,1.10297,1.10275,1000000,1500000
2016-06-26 21:15:21.224000,1.10294,1.10286,1000000,1000000
2016-06-26 21:15:21.725000,1.10295,1.10287,1500000,1000000
2016-06-26 21:15:22.436000,1.10287,1.10277,1370000,5250000
2016-06-26 21:15:22.538000,1.10287,1.10274,1370000,1010000
2016-06-26 21:15:24.846000,1.10295,1.10294,1000000,1000000
2016-06-26 21:15:24.897000,1.10303,1.10300,1500000,1000000
2016-06-26 21:15:24.957000,1.10306,1.10303,1000000,1000000
2016-06-26 21:15:25.110000,1.10328,1.10305,1500000,1500000
2016-06-26 21:15:25.743000,1.10323,1.10305,1370000,1000000
2016-06-26 21:15:25.941000,1.10296,1.10251,1500000,1390000
2016-06-26 21:15:26.093000,1.10297,1.10250,1570000,2640000
2016-06-26 21:15:27.824000,1.10297,1.10252,3370000,1390000
2016-06-26 21:15:30.856000,1.10294,1.10250,1000000,2640000
2016-06-26 21:15:30.958000,1.10305,1.10250,1100000,2640000
2016-06-26 21:15:31.805000,1.10305,1.10251,1100000,1390000
2016-06-26 21:15:32.718000,1.10305,1.10251,1100000,1390000
2016-06-26 21:15:33.084000,1.10319,1.10277,1370000,1000000
2016-06-26 21:15:33.137000,1.10319,1.10275,1370000,1000000
2016-06-26 21:15:33.642000,1.10319,1.10274,1370000,1010000
2016-06-26 21:15:35.386000,1.10319,1.10297,1370000,1500000
2016-06-26 21:15:35.589000,1.10297,1.10275,1370000,1000000
2016-06-26 21:15:36.107000,1.10297,1.10273,1370000,1510000
2016-06-26 21:15:38.714000,1.10290,1.10275,1000000,1000000
2016-06-26 21:15:39.266000,1.10290,1.10276,1500000,1000000
2016-06-26 21:15:40.993000,1.10290,1.10283,1000000,1000000
2016-06-26 21:15:41.044000,1.10293,1.10283,1000000,1000000
2016-06-26 21:15:42.007000,1.10292,1.10284,1000000,1000000
2016-06-26 21:15:44.667000,1.10292,1.10285,1000000,1000000
2016-06-26 21:15:44.820000,1.10295,1.10285,1000000,1000000
2016-06-26 21:15:44.900000,1.10296,1.10282,1100000,1500000
2016-06-26 21:15:46.071000,1.10290,1.10282,1000000,1500000
2016-06-26 21:15:46.377000,1.10282,1.10270,1000000,1010000
2016-06-26 21:15:46.683000,1.10278,1.10254,1370000,1390000
2016-06-26 21:15:50.026000,1.10278,1.10254,1370000,1390000
2016-06-26 21:15:50.077000,1.10281,1.10254,1000000,1390000
2016-06-26 21:15:50.230000,1.10292,1.10252,1870000,2640000
2016-06-26 21:15:53.587000,1.10280,1.10254,1000000,1390000
2016-06-26 21:15:53.891000,1.10277,1.10253,1120000,1390000
2016-06-26 21:15:54.632000,1.10277,1.10253,1120000,1390000
2016-06-26 21:15:56.773000,1.10281,1.10254,1000000,1390000
2016-06-26 21:15:57.128000,1.10299,1.10257,1370000,1390000
2016-06-26 21:15:57.631000,1.10299,1.10257,1370000,1390000
2016-06-26 21:15:58.179000,1.10299,1.10257,1370000,1390000
2016-06-26 21:15:58.331000,1.10299,1.10257,1070000,1390000
2016-06-26 21:15:58.754000,1.10300,1.10257,1370000,1390000
2016-06-26 21:15:59.168000,1.10299,1.10272,1000000,1510000
2016-06-26 21:15:59.219000,1.10312,1.10272,2620000,1510000
2016-06-26 21:16:01.182000,1.10308,1.10272,1120000,2260000
2016-06-26 21:16:01.536000,1.10302,1.10272,1500000,1510000
2016-06-26 21:16:01.842000,1.10305,1.10281,1870000,1000000
2016-06-26 21:16:02.145000,1.10303,1.10283,1070000,1000000
2016-06-26 21:16:02.297000,1.10303,1.10283,1000000,1500000
2016-06-26 21:16:02.368000,1.10307,1.10283,1120000,1000000
2016-06-26 21:16:03.044000,1.10310,1.10283,1500000,1000000
2016-06-26 21:16:03.145000,1.10325,1.10283,1870000,1000000
2016-06-26 21:16:08.516000,1.10322,1.10282,1870000,1500000
2016-06-26 21:16:08.771000,1.10310,1.10273,1370000,380000
2016-06-26 21:16:11.164000,1.10320,1.10273,1500000,380000
2016-06-26 21:16:11.266000,1.10320,1.10278,1000000,1500000
2016-06-26 21:16:11.569000,1.10322,1.10282,2250000,1500000
2016-06-26 21:16:12.188000,1.10322,1.10283,1000000,1000000
2016-06-26 21:16:12.518000,1.10322,1.10286,1000000,1000000
2016-06-26 21:16:18.878000,1.10327,1.10286,3000000,1000000
2016-06-26 21:16:19.451000,1.10326,1.10286,1000000,1000000
2016-06-26 21:16:37.771000,1.10327,1.10286,3000000,1000000
2016-06-26 21:16:37.979000,1.10290,1.10282,3750000,1000000
2016-06-26 21:16:38.132000,1.10280,1.10274,1000000,1010000
2016-06-26 21:16:38.499000,1.10304,1.10259,1000000,1390000
2016-06-26 21:16:43.575000,1.10304,1.10280,1000000,1000000
2016-06-26 21:16:43.879000,1.10315,1.10285,1350000,1500000
2016-06-26 21:16:43.930000,1.10322,1.10287,1500000,1000000
2016-06-26 21:16:46.723000,1.10318,1.10287,2250000,1000000
2016-06-26 21:16:47.027000,1.10313,1.10285,1500000,1500000
2016-06-26 21:16:47.796000,1.10313,1.10287,1500000,1000000
2016-06-26 21:16:49.627000,1.10315,1.10287,3000000,1000000
2016-06-26 21:16:49.779000,1.10323,1.10288,1500000,1000000
2016-06-26 21:17:00.323000,1.10325,1.10289,1000000,1000000
2016-06-26 21:17:00.833000,1.10327,1.10289,1120000,1000000
2016-06-26 21:17:01.993000,1.10327,1.10289,1000000,1000000
2016-06-26 21:17:07.039000,1.10326,1.10289,1000000,1000000
2016-06-26 21:17:07.141000,1.10323,1.10289,1500000,1000000
2016-06-26 21:17:07.661000,1.10323,1.10288,1500000,1000000
2016-06-26 21:17:32.967000,1.10299,1.10287,4000000,1000000
2016-06-26 21:17:33.221000,1.10279,1.10260,1000000,2250000
2016-06-26 21:17:33.272000,1.10277,1.10260,1000000,1500000
2016-06-26 21:17:33.576000,1.10309,1.10279,1000000,1000000
2016-06-26 21:17:33.678000,1.10309,1.10263,1000000,1000000
2016-06-26 21:17:35.843000,1.10309,1.10271,1000000,1000000
2016-06-26 21:17:35.945000,1.10314,1.10274,2250000,2250000
2016-06-26 21:17:35.996000,1.10314,1.10279,1500000,1000000
2016-06-26 21:17:36.098000,1.10324,1.10281,1000000,1000000
2016-06-26 21:17:36.770000,1.10324,1.10282,1000000,1000000
2016-06-26 21:17:38.476000,1.10325,1.10282,1000000,750000
2016-06-26 21:17:38.527000,1.10325,1.10271,1500000,1000000
2016-06-26 21:17:39.074000,1.10325,1.10270,1500000,1500000
2016-06-26 21:17:40.535000,1.10322,1.10270,1000000,1500000
2016-06-26 21:17:40.873000,1.10324,1.10273,1000000,1000000
2016-06-26 21:17:45.022000,1.10321,1.10268,1000000,1000000
2016-06-26 21:17:47.406000,1.10323,1.10265,1000000,1500000
2016-06-26 21:17:49.182000,1.10297,1.10265,1000000,1500000
2016-06-26 21:17:49.233000,1.10297,1.10260,1000000,1500000
2016-06-26 21:17:50.883000,1.10299,1.10260,1500000,1500000
2016-06-26 21:17:54.061000,1.10299,1.10277,1500000,1000000
2016-06-26 21:17:54.618000,1.10300,1.10277,1500000,1000000
2016-06-26 21:17:56.790000,1.10294,1.10276,1500000,1000000
2016-06-26 21:18:14.517000,1.10296,1.10276,1000000,1000000
2016-06-26 21:18:14.619000,1.10300,1.10276,1500000,1000000
2016-06-26 21:18:14.670000,1.10307,1.10269,1000000,1000000
2016-06-26 21:18:14.721000,1.10307,1.10264,1000000,1000000
2016-06-26 21:18:18.067000,1.10307,1.10281,1000000,1000000
2016-06-26 21:18:18.118000,1.10313,1.10284,1000000,1500000
2016-06-26 21:18:18.169000,1.10313,1.10287,1000000,1000000
2016-06-26 21:18:18.220000,1.10316,1.10287,1500000,1000000
2016-06-26 21:18:18.271000,1.10325,1.10290,1000000,1500000
2016-06-26 21:18:23.167000,1.10325,1.10289,1000000,750000
2016-06-26 21:18:23.218000,1.10325,1.10277,1000000,1000000
2016-06-26 21:18:26.319000,1.10299,1.10277,750000,1000000
2016-06-26 21:18:26.522000,1.10295,1.10264,1000000,1000000
2016-06-26 21:18:26.573000,1.10295,1.10262,1000000,1000000
2016-06-26 21:18:29.287000,1.10296,1.10262,1000000,1000000
2016-06-26 21:18:41.281000,1.10296,1.10277,1000000,1500000
2016-06-26 21:18:41.586000,1.10297,1.10278,1000000,2500000
2016-06-26 21:18:42.475000,1.10296,1.10279,1000000,1000000
2016-06-26 21:18:43.683000,1.10298,1.10286,1500000,1000000
2016-06-26 21:18:45.399000,1.10299,1.10288,1000000,1000000
2016-06-26 21:18:52.490000,1.10298,1.10261,1000000,1000000
2016-06-26 21:18:53.097000,1.10298,1.10262,1000000,1000000
2016-06-26 21:18:53.646000,1.10297,1.10262,1000000,1000000
2016-06-26 21:18:54.198000,1.10298,1.10262,1000000,1000000
2016-06-26 21:18:57.641000,1.10299,1.10262,3000000,1000000
2016-06-26 21:19:04.100000,1.10282,1.10262,1000000,1000000
2016-06-26 21:19:04.414000,1.10278,1.10258,1000000,1010000
2016-06-26 21:19:04.567000,1.10282,1.10258,1000000,1010000
2016-06-26 21:19:04.618000,1.10294,1.10259,1000000,1010000
2016-06-26 21:19:06.065000,1.10294,1.10267,1000000,1000000
2016-06-26 21:19:06.369000,1.10302,1.10295,1000000,1000000
2016-06-26 21:19:06.421000,1.10324,1.10298,1000000,1000000
2016-06-26 21:19:06.629000,1.10328,1.10298,1000000,1000000
2016-06-26 21:19:06.954000,1.10326,1.10298,1000000,1000000
2016-06-26 21:19:07.131000,1.10325,1.10286,1000000,1000000
2016-06-26 21:19:07.233000,1.10321,1.10274,1000000,1000000
2016-06-26 21:19:07.336000,1.10324,1.10274,1000000,1000000
2016-06-26 21:19:07.923000,1.10324,1.10273,1000000,1000000
2016-06-26 21:19:13.960000,1.10323,1.10265,1000000,1870000
2016-06-26 21:19:14.011000,1.10323,1.10265,1000000,1500000
2016-06-26 21:19:24.350000,1.10325,1.10265,1000000,1000000
2016-06-26 21:19:30.775000,1.10323,1.10265,1000000,1500000
2016-06-26 21:19:33.026000,1.10292,1.10265,1000000,1500000
2016-06-26 21:19:33.281000,1.10289,1.10258,1000000,1010000
2016-06-26 21:19:35.834000,1.10290,1.10258,2250000,1010000
2016-06-26 21:19:45.688000,1.10288,1.10259,1000000,1010000
2016-06-26 21:19:53.308000,1.10313,1.10261,1000000,1000000
2016-06-26 21:19:53.359000,1.10313,1.10261,1000000,1000000
2016-06-26 21:19:55.158000,1.10313,1.10261,1000000,1070000
2016-06-26 21:19:57.339000,1.10318,1.10300,1500000,1570000
2016-06-26 21:19:57.473000,1.10327,1.10294,1500000,1070000
2016-06-26 21:20:03.108000,1.10322,1.10292,1000000,3070000
2016-06-26 21:20:07.920000,1.10322,1.10293,1000000,1070000
2016-06-26 21:20:07.971000,1.10326,1.10293,1000000,1070000
2016-06-26 21:20:08.482000,1.10325,1.10294,1000000,1070000
2016-06-26 21:20:09.099000,1.10325,1.10294,1500000,1070000
2016-06-26 21:20:09.864000,1.10327,1.10294,1500000,1070000
2016-06-26 21:20:13.747000,1.10327,1.10293,1500000,1000000
2016-06-26 21:20:15.838000,1.10326,1.10293,1000000,1000000
2016-06-26 21:20:18.424000,1.10326,1.10294,1000000,1070000
2016-06-26 21:20:18.476000,1.10334,1.10294,2250000,1070000
2016-06-26 21:20:18.678000,1.10339,1.10294,1000000,1000000
2016-06-26 21:20:18.729000,1.10342,1.10294,2250000,1000000
2016-06-26 21:20:19.724000,1.10341,1.10294,1000000,1070000
2016-06-26 21:20:19.847000,1.10338,1.10294,1000000,1000000
2016-06-26 21:20:22.448000,1.10334,1.10294,1000000,1000000
2016-06-26 21:20:22.900000,1.10329,1.10294,1000000,1000000
2016-06-26 21:20:23.002000,1.10329,1.10291,1500000,1500000
2016-06-26 21:20:25.073000,1.10327,1.10291,1000000,1500000
2016-06-26 21:20:25.378000,1.10323,1.10293,1000000,1000000
2016-06-26 21:20:25.682000,1.10320,1.10294,1000000,1000000
2016-06-26 21:20:26.108000,1.10317,1.10294,1500000,1000000
2016-06-26 21:20:26.995000,1.10333,1.10294,1000000,1000000
2016-06-26 21:20:27.055000,1.10340,1.10294,2250000,1000000
2016-06-26 21:20:33.669000,1.10340,1.10307,2250000,1000000
2016-06-26 21:20:33.973000,1.10340,1.10310,2250000,3750000
2016-06-26 21:20:34.126000,1.10345,1.10312,1500000,1500000
2016-06-26 21:20:35.873000,1.10344,1.10312,1000000,1500000
2016-06-26 21:20:38.033000,1.10327,1.10315,1000000,1000000
2016-06-26 21:20:41.734000,1.10326,1.10315,1000000,1000000
2016-06-26 21:20:42.352000,1.10326,1.10314,1000000,1000000
2016-06-26 21:20:45.525000,1.10327,1.10313,1000000,1000000
2016-06-26 21:20:45.626000,1.10323,1.10293,1500000,1000000
2016-06-26 21:20:46.145000,1.10323,1.10292,1500000,1000000
2016-06-26 21:20:59.364000,1.10328,1.10292,750000,2250000
2016-06-26 21:20:59.466000,1.10342,1.10296,1500000,1000000
2016-06-26 21:21:01.818000,1.10335,1.10296,1000000,1000000
2016-06-26 21:21:02.121000,1.10323,1.10292,1500000,1000000
2016-06-26 21:21:35.890000,1.10324,1.10292,1000000,1000000
2016-06-26 21:21:39.295000,1.10326,1.10292,1500000,1000000
2016-06-26 21:21:55.075000,1.10326,1.10303,1500000,750000
2016-06-26 21:21:55.581000,1.10327,1.10303,1500000,1500000
2016-06-26 21:21:58.509000,1.10327,1.10304,1000000,1000000
2016-06-26 21:22:06.484000,1.10328,1.10304,1500000,1000000
2016-06-26 21:22:07.077000,1.10327,1.10304,1000000,1000000
2016-06-26 21:22:12.085000,1.10328,1.10304,1500000,1000000
2016-06-26 21:22:13.190000,1.10327,1.10304,1000000,1000000
2016-06-26 21:22:21.108000,1.10328,1.10304,1500000,1000000
2016-06-26 21:22:21.693000,1.10327,1.10304,1000000,1000000
2016-06-26 21:22:24.223000,1.10346,1.10304,1500000,1000000
2016-06-26 21:22:24.732000,1.10346,1.10303,1000000,2250000
2016-06-26 21:22:30.873000,1.10347,1.10303,1000000,2250000
2016-06-26 21:22:34.825000,1.10347,1.10304,1000000,1000000
2016-06-26 21:22:35.422000,1.10347,1.10303,1000000,2250000
2016-06-26 21:22:35.979000,1.10347,1.10304,1000000,1500000
2016-06-26 21:22:39.420000,1.10347,1.10307,1000000,1000000
2016-06-26 21:22:39.521000,1.10349,1.10307,1000000,1120000
2016-06-26 21:22:39.572000,1.10350,1.10306,1000000,1370000
2016-06-26 21:22:39.779000,1.10376,1.10318,1510000,1370000
2016-06-26 21:22:40.283000,1.10376,1.10320,1010000,1870000
2016-06-26 21:22:40.834000,1.10376,1.10320,1010000,1870000
2016-06-26 21:22:42.574000,1.10376,1.10320,1010000,1870000
2016-06-26 21:22:42.886000,1.10376,1.10320,1010000,1370000
2016-06-26 21:22:42.988000,1.10383,1.10320,1010000,1500000
2016-06-26 21:22:43.089000,1.10385,1.10321,1010000,1370000
2016-06-26 21:22:56.255000,1.10387,1.10323,1010000,1870000
2016-06-26 21:22:56.357000,1.10387,1.10323,1010000,1500000
2016-06-26 21:22:56.959000,1.10387,1.10322,1010000,1500000
2016-06-26 21:22:57.010000,1.10387,1.10322,1010000,1370000
2016-06-26 21:22:59.563000,1.10387,1.10322,1010000,1870000
2016-06-26 21:23:00.457000,1.10387,1.10322,1010000,1500000
2016-06-26 21:23:00.966000,1.10387,1.10346,1510000,1500000
2016-06-26 21:23:01.277000,1.10384,1.10352,1510000,1000000
2016-06-26 21:23:03.175000,1.10388,1.10320,1010000,1500000
2016-06-26 21:23:03.226000,1.10388,1.10346,1010000,750000
2016-06-26 21:23:03.530000,1.10384,1.10352,1510000,1500000
2016-06-26 21:23:05.068000,1.10384,1.10352,1510000,1500000
2016-06-26 21:23:17.825000,1.10384,1.10363,1510000,750000
2016-06-26 21:23:18.040000,1.10384,1.10380,1500000,1000000
2016-06-26 21:23:20.575000,1.10384,1.10365,1500000,1000000
2016-06-26 21:23:20.677000,1.10384,1.10360,1500000,1000000
2016-06-26 21:23:21.260000,1.10382,1.10360,1000000,750000
2016-06-26 21:23:23.584000,1.10382,1.10350,1500000,1000000
2016-06-26 21:23:23.641000,1.10382,1.10358,1500000,1000000
2016-06-26 21:23:24.075000,1.10386,1.10372,1000000,1500000
2016-06-26 21:23:26.086000,1.10385,1.10372,1000000,1500000
2016-06-26 21:23:26.342000,1.10382,1.10356,1500000,1000000
2016-06-26 21:23:29.664000,1.10382,1.10352,1500000,1000000
2016-06-26 21:23:32.267000,1.10384,1.10352,1000000,1000000
2016-06-26 21:23:33.352000,1.10387,1.10352,1000000,1500000
2016-06-26 21:23:33.403000,1.10384,1.10352,1000000,1500000
2016-06-26 21:23:33.555000,1.10388,1.10352,1000000,1500000
2016-06-26 21:23:33.887000,1.10386,1.10352,1000000,1500000
2016-06-26 21:23:34.191000,1.10379,1.10352,1000000,1000000
2016-06-26 21:23:34.377000,1.10385,1.10352,1500000,1500000
2016-06-26 21:23:34.580000,1.10388,1.10352,1000000,1500000
2016-06-26 21:23:35.740000,1.10386,1.10352,1000000,1500000
2016-06-26 21:23:38.262000,1.10385,1.10352,1000000,1500000
2016-06-26 21:23:38.881000,1.10384,1.10352,1000000,1500000
2016-06-26 21:23:49.588000,1.10384,1.10353,1500000,1000000
2016-06-26 21:23:49.690000,1.10394,1.10353,1500000,1000000
2016-06-26 21:23:55.407000,1.10389,1.10352,1000000,1000000
2016-06-26 21:23:55.711000,1.10394,1.10353,1500000,1500000
2016-06-26 21:23:59.566000,1.10394,1.10356,1000000,1000000
2016-06-26 21:23:59.727000,1.10396,1.10354,1500000,1000000
2016-06-26 21:24:06.228000,1.10396,1.10353,1500000,2250000
2016-06-26 21:24:07.137000,1.10396,1.10373,1000000,1000000
2016-06-26 21:24:07.680000,1.10397,1.10373,1000000,1000000
2016-06-26 21:24:15.284000,1.10395,1.10371,1000000,1500000
2016-06-26 21:24:19.073000,1.10395,1.10393,1000000,1000000
2016-06-26 21:24:19.124000,1.10400,1.10396,1000000,1000000
2016-06-26 21:24:19.175000,1.10402,1.10400,1000000,1000000
2016-06-26 21:24:19.226000,1.10404,1.10401,1000000,1000000
2016-06-26 21:24:19.328000,1.10404,1.10396,1000000,1000000
2016-06-26 21:24:19.381000,1.10404,1.10401,1000000,1000000
2016-06-26 21:24:19.433000,1.10411,1.10403,1500000,1000000
2016-06-26 21:24:19.506000,1.10423,1.10405,750000,1000000
2016-06-26 21:24:19.559000,1.10444,1.10418,750000,750000
2016-06-26 21:24:19.661000,1.10444,1.10410,750000,1000000
2016-06-26 21:24:19.763000,1.10444,1.10413,750000,1000000
2016-06-26 21:24:20.168000,1.10445,1.10415,750000,1000000
2016-06-26 21:24:21.081000,1.10446,1.10414,750000,1000000
2016-06-26 21:24:22.479000,1.10445,1.10415,750000,1000000
2016-06-26 21:24:23.453000,1.10444,1.10413,750000,1000000
2016-06-26 21:24:23.654000,1.10444,1.10410,750000,2250000
2016-06-26 21:24:25.370000,1.10444,1.10411,750000,1000000
2016-06-26 21:24:27.445000,1.10444,1.10410,750000,2250000
2016-06-26 21:24:28.044000,1.10444,1.10411,750000,1000000
2016-06-26 21:24:30.956000,1.10444,1.10410,750000,2250000
2016-06-26 21:24:33.959000,1.10444,1.10411,750000,1000000
2016-06-26 21:24:34.010000,1.10447,1.10434,750000,750000
2016-06-26 21:24:34.218000,1.10444,1.10410,750000,1500000
2016-06-26 21:24:34.292000,1.10444,1.10414,750000,1500000
2016-06-26 21:24:34.344000,1.10444,1.10412,750000,1000000
2016-06-26 21:24:40.867000,1.10444,1.10417,750000,1000000
2016-06-26 21:24:40.969000,1.10487,1.10418,1000000,1000000
2016-06-26 21:24:41.229000,1.10487,1.10444,1000000,1000000
2016-06-26 21:24:41.533000,1.10489,1.10452,1500000,1000000
2016-06-26 21:24:45.887000,1.10489,1.10465,1500000,750000
2016-06-26 21:24:46.198000,1.10493,1.10473,1500000,1000000
2016-06-26 21:24:48.624000,1.10493,1.10470,1500000,2250000
2016-06-26 21:24:49.078000,1.10493,1.10473,1500000,1000000
2016-06-26 21:24:49.192000,1.10493,1.10471,1500000,1000000
2016-06-26 21:24:52.125000,1.10492,1.10471,1000000,1000000
2016-06-26 21:24:52.176000,1.10489,1.10471,1000000,1000000
2016-06-26 21:24:52.278000,1.10489,1.10464,1500000,1000000
2016-06-26 21:24:52.329000,1.10489,1.10453,1500000,1000000
2016-06-26 21:24:52.847000,1.10490,1.10452,1500000,1000000
2016-06-26 21:24:53.166000,1.10490,1.10456,1000000,1000000
2016-06-26 21:24:53.217000,1.10495,1.10456,1000000,1000000
2016-06-26 21:24:53.750000,1.10496,1.10456,1000000,1000000
2016-06-26 21:24:54.178000,1.10496,1.10454,1000000,1000000
2016-06-26 21:24:56.193000,1.10496,1.10453,1000000,1000000
2016-06-26 21:24:56.554000,1.10496,1.10453,1000000,1030000
2016-06-26 21:24:56.706000,1.10495,1.10452,1500000,1000000
2016-06-26 21:24:57.256000,1.10490,1.10452,1000000,1000000
2016-06-26 21:24:57.308000,1.10489,1.10450,1500000,1500000
2016-06-26 21:24:57.521000,1.10496,1.10440,1000000,1000000
2016-06-26 21:24:57.572000,1.10498,1.10440,1000000,1410000
2016-06-26 21:24:58.158000,1.10497,1.10440,1000000,1410000
2016-06-26 21:24:59.141000,1.10496,1.10439,1000000,1500000
2016-06-26 21:24:59.293000,1.10496,1.10436,1000000,1500000
2016-06-26 21:25:00.760000,1.10498,1.10436,1870000,1000000
2016-06-26 21:25:00.812000,1.10488,1.10427,1000000,1000000
2016-06-26 21:25:00.924000,1.10498,1.10427,1500000,1000000
2016-06-26 21:25:04.398000,1.10498,1.10421,1000000,1500000
2016-06-26 21:25:04.764000,1.10492,1.10421,1000000,1000000
2016-06-26 21:25:07.803000,1.10492,1.10420,1000000,1500000
2016-06-26 21:25:11.252000,1.10488,1.10444,1000000,1000000
2016-06-26 21:25:11.582000,1.10474,1.10450,1500000,1500000
2016-06-26 21:25:11.885000,1.10468,1.10452,1500000,1500000
2016-06-26 21:25:12.231000,1.10485,1.10451,1500000,1000000
2016-06-26 21:25:12.451000,1.10485,1.10453,1500000,1000000
2016-06-26 21:25:12.553000,1.10490,1.10453,1000000,1000000
2016-06-26 21:25:13.948000,1.10486,1.10453,1000000,1000000
2016-06-26 21:25:14.151000,1.10483,1.10449,1500000,1000000
2016-06-26 21:25:15.349000,1.10470,1.10449,1000000,1000000
2016-06-26 21:25:15.675000,1.10467,1.10449,1500000,1500000
2016-06-26 21:25:17.359000,1.10467,1.10451,1000000,1000000
2016-06-26 21:25:34.407000,1.10467,1.10452,1000000,1000000
2016-06-26 21:25:35.829000,1.10468,1.10452,1500000,1000000
2016-06-26 21:25:39.710000,1.10468,1.10448,1500000,1000000
2016-06-26 21:25:44.261000,1.10464,1.10448,1000000,1000000
2016-06-26 21:25:44.607000,1.10437,1.10418,1500000,1000000
2016-06-26 21:25:44.708000,1.10436,1.10415,1500000,1000000
2016-06-26 21:25:44.759000,1.10436,1.10411,1500000,1000000
2016-06-26 21:25:44.912000,1.10436,1.10405,1500000,1000000
2016-06-26 21:25:45.317000,1.10436,1.10405,1500000,1010000
2016-06-26 21:25:51.712000,1.10436,1.10402,1500000,2260000
2016-06-26 21:25:52.522000,1.10436,1.10402,1500000,2260000
2016-06-26 21:25:53.101000,1.10440,1.10403,1000000,1130000
2016-06-26 21:25:53.636000,1.10441,1.10403,1500000,1130000
2016-06-26 21:26:02.531000,1.10445,1.10408,1000000,1010000
2016-06-26 21:26:02.597000,1.10459,1.10456,1420000,750000
2016-06-26 21:26:02.648000,1.10469,1.10458,1500000,1000000
2016-06-26 21:26:02.699000,1.10472,1.10458,1000000,1000000
2016-06-26 21:26:02.750000,1.10475,1.10457,1000000,1000000
2016-06-26 21:26:02.801000,1.10481,1.10457,1000000,1000000
2016-06-26 21:26:02.852000,1.10488,1.10457,2250000,1000000
2016-06-26 21:26:03.373000,1.10488,1.10456,1500000,1000000
2016-06-26 21:26:04.223000,1.10491,1.10455,1000000,750000
2016-06-26 21:26:04.294000,1.10491,1.10429,1000000,1000000
2016-06-26 21:26:04.345000,1.10491,1.10431,1000000,1000000
2016-06-26 21:26:04.660000,1.10491,1.10426,1000000,1000000
2016-06-26 21:26:05.008000,1.10491,1.10424,1000000,1000000
2016-06-26 21:26:05.346000,1.10490,1.10420,1000000,1500000
2016-06-26 21:26:05.522000,1.10488,1.10420,1000000,1500000
2016-06-26 21:26:05.624000,1.10491,1.10420,1000000,1500000
2016-06-26 21:26:06.335000,1.10476,1.10420,750000,1500000
2016-06-26 21:26:06.437000,1.10485,1.10416,1000000,1380000
2016-06-26 21:26:06.489000,1.10491,1.10416,1000000,1380000
2016-06-26 21:26:06.562000,1.10493,1.10416,1500000,1380000
2016-06-26 21:26:08.319000,1.10488,1.10415,1000000,2630000
2016-06-26 21:26:08.846000,1.10487,1.10415,1000000,2630000
2016-06-26 21:26:10.217000,1.10487,1.10415,1000000,2630000
2016-06-26 21:26:10.740000,1.10456,1.10415,1000000,1880000
2016-06-26 21:26:11.107000,1.10450,1.10417,1000000,380000
2016-06-26 21:26:20.537000,1.10450,1.10411,1000000,1380000
2016-06-26 21:26:20.689000,1.10481,1.10412,1000000,1380000
2016-06-26 21:26:24.916000,1.10481,1.10411,1000000,1880000
2016-06-26 21:26:25.656000,1.10479,1.10411,1000000,1380000
2016-06-26 21:26:27.961000,1.10479,1.10411,1000000,1380000
2016-06-26 21:26:28.063000,1.10485,1.10414,1000000,2250000
2016-06-26 21:26:35.667000,1.10478,1.10416,1000000,1000000
2016-06-26 21:26:37.649000,1.10443,1.10416,1000000,1000000
2016-06-26 21:26:43.833000,1.10443,1.10412,1500000,1380000
2016-06-26 21:26:46.852000,1.10457,1.10415,1000000,1380000
2016-06-26 21:26:46.903000,1.10461,1.10415,1000000,1380000
2016-06-26 21:26:47.056000,1.10445,1.10415,1000000,1380000
2016-06-26 21:26:47.584000,1.10444,1.10412,1000000,1380000
2016-06-26 21:26:52.793000,1.10442,1.10412,1000000,1380000
2016-06-26 21:27:15.867000,1.10443,1.10411,1500000,1380000
2016-06-26 21:27:28.354000,1.10440,1.10409,1000000,1480000
2016-06-26 21:27:28.932000,1.10439,1.10409,1000000,1480000
2016-06-26 21:27:29.821000,1.10435,1.10409,1000000,1480000
2016-06-26 21:27:30.252000,1.10431,1.10411,1000000,1380000
2016-06-26 21:27:48.895000,1.10433,1.10411,1500000,1380000
2016-06-26 21:28:05.240000,1.10433,1.10411,1000000,1380000
2016-06-26 21:28:05.771000,1.10434,1.10411,1500000,1380000
2016-06-26 21:28:06.288000,1.10433,1.10411,1000000,1380000
2016-06-26 21:28:34.401000,1.10434,1.10411,1500000,1380000
2016-06-26 21:28:36.089000,1.10433,1.10411,1000000,1380000
2016-06-26 21:28:40.019000,1.10432,1.10409,1500000,1480000
2016-06-26 21:28:46.379000,1.10432,1.10416,1500000,380000
2016-06-26 21:28:58.791000,1.10432,1.10415,1500000,380000
2016-06-26 21:29:07.700000,1.10423,1.10415,1000000,380000
2016-06-26 21:29:08.004000,1.10413,1.10405,1000000,1880000
2016-06-26 21:29:11.727000,1.10418,1.10412,1000000,380000
2016-06-26 21:29:11.778000,1.10428,1.10415,1000000,380000
2016-06-26 21:29:11.880000,1.10433,1.10415,1500000,380000
2016-06-26 21:29:13.612000,1.10435,1.10403,1500000,1380000
2016-06-26 21:29:13.713000,1.10442,1.10403,1000000,1380000
2016-06-26 21:29:17.284000,1.10443,1.10403,1500000,1380000
2016-06-26 21:29:35.731000,1.10443,1.10403,1500000,1380000
2016-06-26 21:29:36.395000,1.10442,1.10403,1500000,1380000
2016-06-26 21:29:36.774000,1.10438,1.10403,1000000,1380000
2016-06-26 21:29:37.078000,1.10435,1.10391,1500000,1380000
2016-06-26 21:29:37.281000,1.10438,1.10403,1000000,1000000
2016-06-26 21:29:46.668000,1.10441,1.10403,1500000,1000000
2016-06-26 21:29:53.750000,1.10441,1.10403,1500000,1000000
2016-06-26 21:29:56.362000,1.10432,1.10403,1500000,1000000
2016-06-26 21:29:58.957000,1.10433,1.10422,1000000,2870000
2016-06-26 21:29:59.161000,1.10456,1.10446,1000000,1000000
2016-06-26 21:29:59.328000,1.10460,1.10451,1000000,1000000
2016-06-26 21:29:59.396000,1.10484,1.10450,1000000,1000000
2016-06-26 21:29:59.497000,1.10491,1.10452,1000000,1000000
2016-06-26 21:29:59.700000,1.10496,1.10452,1100000,1000000
2016-06-26 21:29:59.802000,1.10493,1.10450,1000000,1500000
2016-06-26 21:30:00.113000,1.10493,1.10452,1000000,1000000
2016-06-26 21:30:05.224000,1.10494,1.10452,2250000,1000000
2016-06-26 21:30:09.131000,1.10489,1.10450,1000000,1000000
2016-06-26 21:30:09.436000,1.10445,1.10424,1500000,4370000
2016-06-26 21:30:09.945000,1.10444,1.10422,1000000,4120000
2016-06-26 21:30:10.673000,1.10444,1.10414,1000000,380000
2016-06-26 21:30:11.703000,1.10444,1.10409,1000000,1000000
2016-06-26 21:30:12.226000,1.10444,1.10408,1000000,1000000
2016-06-26 21:30:12.755000,1.10444,1.10407,1000000,1000000
2016-06-26 21:30:13.157000,1.10444,1.10412,1000000,1000000
2016-06-26 21:30:13.410000,1.10494,1.10451,1500000,1000000
2016-06-26 21:30:13.512000,1.10495,1.10456,1000000,1000000
2016-06-26 21:30:13.564000,1.10499,1.10456,1000000,1000000
2016-06-26 21:30:18.831000,1.10493,1.10451,1000000,1000000
2016-06-26 21:30:18.933000,1.10491,1.10443,1000000,3750000
2016-06-26 21:30:19.283000,1.10491,1.10440,1000000,1000000
2016-06-26 21:30:19.537000,1.10498,1.10440,1500000,1000000
2016-06-26 21:30:19.869000,1.10491,1.10440,1000000,1000000
2016-06-26 21:30:20.021000,1.10491,1.10436,1000000,1000000
2016-06-26 21:30:20.073000,1.10489,1.10436,1000000,750000
2016-06-26 21:30:20.123000,1.10489,1.10424,1000000,1000000
2016-06-26 21:30:20.276000,1.10459,1.10424,750000,1000000
2016-06-26 21:30:20.627000,1.10444,1.10415,1500000,1000000
2016-06-26 21:30:20.728000,1.10444,1.10405,1500000,1000000
2016-06-26 21:30:21.022000,1.10444,1.10415,1500000,1000000
2016-06-26 21:30:21.123000,1.10448,1.10418,3000000,1500000
2016-06-26 21:30:21.174000,1.10444,1.10418,1000000,1500000
2016-06-26 21:30:21.225000,1.10444,1.10404,1000000,1000000
2016-06-26 21:30:23.725000,1.10444,1.10410,1000000,1000000
2016-06-26 21:30:23.978000,1.10499,1.10454,1500000,1000000
2016-06-26 21:30:25.378000,1.10494,1.10454,1000000,1000000
2016-06-26 21:30:25.582000,1.10483,1.10412,1000000,2250000
2016-06-26 21:30:26.950000,1.10483,1.10405,1500000,1500000
2016-06-26 21:30:27.053000,1.10476,1.10404,1000000,1000000
2016-06-26 21:30:28.558000,1.10473,1.10404,1000000,1000000
2016-06-26 21:30:28.882000,1.10468,1.10404,1000000,1000000
2016-06-26 21:30:29.493000,1.10467,1.10404,1000000,1000000
2016-06-26 21:30:30.361000,1.10466,1.10404,1000000,1000000
2016-06-26 21:30:33.162000,1.10463,1.10405,2250000,1000000
2016-06-26 21:30:33.548000,1.10459,1.10405,1000000,1000000
2016-06-26 21:30:34.157000,1.10460,1.10405,1500000,1000000
2016-06-26 21:30:35.264000,1.10459,1.10405,1000000,1000000
2016-06-26 21:30:38.472000,1.10460,1.10405,1500000,1000000
2016-06-26 21:30:42.380000,1.10420,1.10408,1000000,1000000
2016-06-26 21:30:42.585000,1.10421,1.10405,2250000,1500000
2016-06-26 21:30:43.481000,1.10421,1.10404,2250000,1000000
2016-06-26 21:30:44.106000,1.10421,1.10409,2250000,1000000
2016-06-26 21:30:44.530000,1.10421,1.10414,2250000,1000000
2016-06-26 21:30:45.737000,1.10421,1.10405,2250000,1000000
2016-06-26 21:30:46.474000,1.10421,1.10406,2250000,1000000
2016-06-26 21:30:48.003000,1.10421,1.10405,2250000,1000000
2016-06-26 21:30:48.155000,1.10413,1.10403,1000000,1000000
2016-06-26 21:30:48.206000,1.10413,1.10400,1500000,1500000
2016-06-26 21:30:48.308000,1.10413,1.10395,1500000,1500000
2016-06-26 21:30:48.409000,1.10413,1.10384,1500000,1000000
2016-06-26 21:30:48.561000,1.10413,1.10392,1500000,1000000
2016-06-26 21:30:48.865000,1.10421,1.10404,2250000,1000000
2016-06-26 21:30:50.163000,1.10417,1.10402,1000000,1000000
2016-06-26 21:30:50.678000,1.10418,1.10401,1000000,1000000
2016-06-26 21:30:51.841000,1.10413,1.10401,1000000,1000000
2016-06-26 21:30:51.944000,1.10413,1.10399,1500000,1000000
2016-06-26 21:30:52.130000,1.10413,1.10384,1500000,1000000
2016-06-26 21:30:52.232000,1.10413,1.10392,1500000,750000
2016-06-26 21:30:52.537000,1.10418,1.10400,1500000,1000000
2016-06-26 21:30:53.141000,1.10416,1.10399,1000000,1000000
2016-06-26 21:30:53.867000,1.10415,1.10399,1000000,1000000
2016-06-26 21:30:54.171000,1.10413,1.10399,1000000,1000000
2016-06-26 21:30:54.699000,1.10414,1.10399,1000000,1000000
2016-06-26 21:30:55.133000,1.10415,1.10396,1000000,1000000
2016-06-26 21:30:55.184000,1.10413,1.10394,2250000,1000000
2016-06-26 21:30:55.236000,1.10413,1.10365,2250000,1000000
2016-06-26 21:30:55.758000,1.10412,1.10364,1000000,2250000
2016-06-26 21:30:57.590000,1.10412,1.10374,1000000,2250000
2016-06-26 21:30:57.894000,1.10413,1.10381,1500000,1000000
2016-06-26 21:30:58.047000,1.10413,1.10378,2250000,1500000
2016-06-26 21:30:58.148000,1.10413,1.10366,2250000,1000000
2016-06-26 21:30:58.680000,1.10413,1.10365,2250000,1000000
2016-06-26 21:31:02.129000,1.10413,1.10369,1000000,1000000
2016-06-26 21:31:02.433000,1.10413,1.10371,1000000,1000000
2016-06-26 21:31:02.687000,1.10413,1.10365,1000000,1000000
2016-06-26 21:31:02.839000,1.10413,1.10368,1000000,1000000
2016-06-26 21:31:03.143000,1.10416,1.10373,1500000,1000000
2016-06-26 21:31:05.960000,1.10411,1.10373,1000000,1000000
2016-06-26 21:31:06.062000,1.10416,1.10373,2250000,1000000
2016-06-26 21:31:06.163000,1.10413,1.10373,1000000,1000000
2016-06-26 21:31:07.060000,1.10416,1.10373,1500000,1000000
2016-06-26 21:31:07.133000,1.10413,1.10373,1000000,1000000
2016-06-26 21:31:07.572000,1.10416,1.10373,1500000,1500000
2016-06-26 21:31:08.245000,1.10417,1.10374,1500000,1500000
2016-06-26 21:31:12.302000,1.10415,1.10374,1000000,1500000
2016-06-26 21:31:12.957000,1.10414,1.10374,1000000,1500000
2016-06-26 21:31:15.282000,1.10418,1.10374,1500000,2250000
2016-06-26 21:31:15.801000,1.10418,1.10375,1500000,1000000
2016-06-26 21:31:18.593000,1.10414,1.10375,1000000,1500000
2016-06-26 21:31:18.644000,1.10414,1.10372,1000000,1500000
2016-06-26 21:31:18.746000,1.10415,1.10374,2250000,1500000
2016-06-26 21:31:18.898000,1.10407,1.10361,1000000,1000000
2016-06-26 21:31:19.003000,1.10406,1.10359,1000000,1000000
2016-06-26 21:31:19.054000,1.10406,1.10369,1000000,750000
2016-06-26 21:31:19.359000,1.10411,1.10374,1000000,1000000
2016-06-26 21:31:21.712000,1.10407,1.10373,1000000,1000000
2016-06-26 21:31:21.763000,1.10407,1.10371,1000000,1000000
2016-06-26 21:31:21.996000,1.10404,1.10355,1000000,1500000
2016-06-26 21:31:22.124000,1.10404,1.10360,1000000,1000000
2016-06-26 21:31:22.459000,1.10411,1.10374,1000000,1500000
2016-06-26 21:31:27.210000,1.10412,1.10379,1000000,1000000
2016-06-26 21:31:27.514000,1.10415,1.10383,2250000,1500000
2016-06-26 21:31:34.487000,1.10417,1.10383,1000000,1500000
2016-06-26 21:31:35.879000,1.10417,1.10382,2250000,1500000
2016-06-26 21:31:42.181000,1.10415,1.10382,1000000,1000000
2016-06-26 21:31:42.282000,1.10414,1.10374,1000000,1000000
2016-06-26 21:31:42.485000,1.10414,1.10382,1500000,1000000
2016-06-26 21:31:43.093000,1.10415,1.10382,1000000,2250000
2016-06-26 21:31:45.955000,1.10413,1.10374,1000000,1000000
2016-06-26 21:31:46.006000,1.10413,1.10372,1000000,1500000
2016-06-26 21:31:46.536000,1.10414,1.10372,1500000,1500000
2016-06-26 21:31:48.757000,1.10411,1.10372,1000000,1500000
2016-06-26 21:31:49.061000,1.10396,1.10372,1000000,1000000
2016-06-26 21:31:50.193000,1.10397,1.10373,1000000,1000000
2016-06-26 21:31:56.497000,1.10396,1.10372,1000000,1000000
2016-06-26 21:32:00.020000,1.10397,1.10373,1000000,1000000
2016-06-26 21:32:01.042000,1.10397,1.10371,2250000,1000000
2016-06-26 21:32:01.145000,1.10394,1.10371,1000000,1000000
2016-06-26 21:32:01.297000,1.10392,1.10350,1500000,1500000
2016-06-26 21:32:01.349000,1.10392,1.10352,1000000,1000000
2016-06-26 21:32:01.655000,1.10396,1.10372,1000000,1000000
2016-06-26 21:32:02.170000,1.10397,1.10373,1000000,1000000
2016-06-26 21:32:07.516000,1.10399,1.10377,1000000,1000000
2016-06-26 21:32:08.225000,1.10400,1.10377,1500000,1000000
2016-06-26 21:32:08.939000,1.10399,1.10375,1000000,1000000
2016-06-26 21:32:10.231000,1.10396,1.10375,1000000,1000000
2016-06-26 21:32:10.332000,1.10393,1.10367,1000000,750000
2016-06-26 21:32:10.383000,1.10392,1.10355,1000000,1000000
2016-06-26 21:32:12.760000,1.10392,1.10363,1000000,1000000
2016-06-26 21:32:12.912000,1.10396,1.10363,1000000,1500000
2016-06-26 21:32:15.891000,1.10396,1.10364,1500000,1000000
2016-06-26 21:32:25.768000,1.10397,1.10364,1000000,1000000
2016-06-26 21:32:38.533000,1.10396,1.10372,1000000,1000000
2016-06-26 21:32:48.086000,1.10396,1.10372,1000000,1370000
2016-06-26 21:32:50.088000,1.10396,1.10372,1000000,1120000
2016-06-26 21:32:55.391000,1.10397,1.10370,1000000,1500000
2016-06-26 21:32:55.593000,1.10397,1.10363,1000000,2250000
2016-06-26 21:32:55.796000,1.10397,1.10368,1000000,1000000
2016-06-26 21:32:56.103000,1.10397,1.10371,1000000,3000000
2016-06-26 21:33:07.620000,1.10396,1.10372,1000000,1000000
2016-06-26 21:33:09.830000,1.10397,1.10371,1500000,3750000
2016-06-26 21:33:10.517000,1.10397,1.10368,1000000,1500000
2016-06-26 21:33:10.618000,1.10397,1.10363,1000000,2250000
2016-06-26 21:33:15.918000,1.10397,1.10364,1000000,1000000
2016-06-26 21:33:24.169000,1.10383,1.10364,750000,1500000
2016-06-26 21:33:24.473000,1.10351,1.10344,1000000,1000000
2016-06-26 21:33:24.524000,1.10351,1.10342,750000,1500000
2016-06-26 21:33:24.851000,1.10351,1.10344,1000000,1000000
2016-06-26 21:33:24.953000,1.10353,1.10342,1000000,1500000
2016-06-26 21:33:25.004000,1.10353,1.10346,1000000,1000000
2016-06-26 21:33:25.156000,1.10351,1.10341,1000000,1000000
2016-06-26 21:33:25.207000,1.10351,1.10344,1000000,1000000
2016-06-26 21:33:25.309000,1.10353,1.10345,1000000,1000000
2016-06-26 21:33:25.411000,1.10357,1.10345,1000000,2250000
2016-06-26 21:33:25.614000,1.10354,1.10345,1000000,1000000
2016-06-26 21:33:25.716000,1.10354,1.10343,1000000,1000000
2016-06-26 21:33:27.676000,1.10354,1.10342,1500000,1000000
2016-06-26 21:33:29.176000,1.10344,1.10340,1000000,2250000
2016-06-26 21:33:29.278000,1.10344,1.10338,1000000,1000000
2016-06-26 21:33:29.445000,1.10344,1.10335,1000000,1000000
2016-06-26 21:33:29.577000,1.10344,1.10341,1000000,1000000
2016-06-26 21:33:29.648000,1.10351,1.10341,1000000,1000000
2016-06-26 21:33:29.699000,1.10353,1.10341,1500000,1000000
2016-06-26 21:33:30.560000,1.10351,1.10341,1000000,1000000
2016-06-26 21:33:30.662000,1.10351,1.10337,1500000,1000000
2016-06-26 21:33:30.814000,1.10343,1.10335,1000000,1000000
2016-06-26 21:33:31.017000,1.10348,1.10339,1000000,1000000
2016-06-26 21:33:31.229000,1.10353,1.10339,1000000,1500000
2016-06-26 21:33:34.838000,1.10344,1.10339,370000,1500000
2016-06-26 21:33:34.939000,1.10353,1.10339,1000000,1500000
2016-06-26 21:33:44.410000,1.10353,1.10340,1500000,1500000
2016-06-26 21:33:46.692000,1.10342,1.10338,1000000,1000000
2016-06-26 21:33:46.743000,1.10342,1.10334,1000000,1000000
2016-06-26 21:33:46.895000,1.10342,1.10330,1000000,1500000
2016-06-26 21:33:47.575000,1.10342,1.10332,1000000,1000000
2016-06-26 21:33:47.677000,1.10347,1.10334,1000000,1500000
2016-06-26 21:33:47.728000,1.10350,1.10334,1000000,1500000
2016-06-26 21:33:49.932000,1.10342,1.10334,1000000,1500000
2016-06-26 21:33:50.125000,1.10342,1.10330,1000000,1000000
2016-06-26 21:33:51.070000,1.10342,1.10332,1000000,1000000
2016-06-26 21:33:51.172000,1.10347,1.10334,1000000,1500000
2016-06-26 21:33:51.223000,1.10350,1.10334,1500000,1500000
2016-06-26 21:33:51.920000,1.10351,1.10340,1000000,1000000
2016-06-26 21:33:52.525000,1.10352,1.10340,1000000,1000000
2016-06-26 21:33:53.332000,1.10353,1.10345,1000000,1000000
2016-06-26 21:33:53.635000,1.10357,1.10352,1000000,1000000
2016-06-26 21:33:53.787000,1.10356,1.10347,1070000,1000000
2016-06-26 21:33:53.889000,1.10357,1.10347,1000000,2250000
2016-06-26 21:33:53.991000,1.10366,1.10340,1000000,1000000
2016-06-26 21:33:54.042000,1.10377,1.10340,2250000,1000000
2016-06-26 21:33:54.586000,1.10377,1.10338,1500000,1000000
2016-06-26 21:33:55.096000,1.10377,1.10337,2250000,1000000
2016-06-26 21:33:55.512000,1.10372,1.10337,1000000,1000000
2016-06-26 21:33:55.816000,1.10344,1.10333,1000000,1000000
2016-06-26 21:33:56.440000,1.10344,1.10332,1000000,2250000
2016-06-26 21:33:56.492000,1.10348,1.10332,1000000,2250000
2016-06-26 21:33:56.543000,1.10356,1.10333,1000000,1500000
2016-06-26 21:33:56.594000,1.10362,1.10334,1500000,1000000
2016-06-26 21:33:56.726000,1.10373,1.10335,1000000,1000000
2016-06-26 21:33:58.711000,1.10368,1.10335,1000000,1000000
2016-06-26 21:33:59.015000,1.10330,1.10313,1000000,1010000
2016-06-26 21:33:59.847000,1.10331,1.10316,1000000,1010000
2016-06-26 21:33:59.949000,1.10335,1.10316,1000000,1010000
2016-06-26 21:34:00.051000,1.10330,1.10314,1000000,2260000
2016-06-26 21:34:00.559000,1.10329,1.10316,1000000,1010000
2016-06-26 21:34:01.238000,1.10330,1.10316,1000000,1010000
2016-06-26 21:34:01.780000,1.10330,1.10316,1000000,1010000
2016-06-26 21:34:03.888000,1.10330,1.10316,1000000,1510000
2016-06-26 21:34:06.930000,1.10329,1.10317,1000000,2260000
2016-06-26 21:34:11.586000,1.10330,1.10318,1500000,1010000
2016-06-26 21:34:12.130000,1.10329,1.10318,1000000,1000000
2016-06-26 21:34:12.641000,1.10328,1.10316,1000000,1510000
2016-06-26 21:34:13.229000,1.10329,1.10318,1000000,1010000
2016-06-26 21:34:20.539000,1.10330,1.10320,1000000,1000000
2016-06-26 21:34:20.589000,1.10339,1.10321,1000000,1000000
2016-06-26 21:34:20.640000,1.10345,1.10329,1500000,1000000
2016-06-26 21:34:20.692000,1.10353,1.10329,1000000,1000000
2016-06-26 21:34:20.743000,1.10355,1.10329,1000000,1000000
2016-06-26 21:34:20.794000,1.10359,1.10329,1000000,1000000
2016-06-26 21:34:20.875000,1.10362,1.10329,1000000,1000000
2016-06-26 21:34:31.257000,1.10348,1.10329,1000000,1000000
2016-06-26 21:34:31.545000,1.10348,1.10323,1000000,1000000
2016-06-26 21:34:35.836000,1.10347,1.10329,1000000,1000000
2016-06-26 21:34:40.964000,1.10347,1.10324,1000000,3000000
2016-06-26 21:35:01.900000,1.10348,1.10324,1000000,2250000
2016-06-26 21:35:07.681000,1.10349,1.10325,1000000,1000000
2016-06-26 21:35:15.754000,1.10348,1.10325,1000000,1000000
2016-06-26 21:35:20.106000,1.10349,1.10325,2250000,1000000
2016-06-26 21:35:22.294000,1.10348,1.10325,1000000,1000000
2016-06-26 21:35:29.577000,1.10348,1.10326,1000000,1000000
2016-06-26 21:35:30.626000,1.10349,1.10326,1500000,1000000
2016-06-26 21:35:31.715000,1.10344,1.10324,1000000,1500000
2016-06-26 21:36:00.470000,1.10344,1.10323,1000000,1000000
2016-06-26 21:36:08.661000,1.10344,1.10324,1000000,1500000
2016-06-26 21:36:09.174000,1.10345,1.10324,2250000,1500000
2016-06-26 21:36:18.214000,1.10344,1.10324,1000000,1500000
2016-06-26 21:36:35.793000,1.10344,1.10325,1000000,1000000
2016-06-26 21:36:39.759000,1.10345,1.10325,2250000,1500000
2016-06-26 21:36:44.982000,1.10344,1.10325,1000000,1500000
2016-06-26 21:37:03.765000,1.10343,1.10325,1000000,1500000
2016-06-26 21:37:12.620000,1.10343,1.10323,1000000,2250000
2016-06-26 21:37:31.474000,1.10345,1.10323,1000000,1000000
2016-06-26 21:37:31.729000,1.10345,1.10314,1000000,1380000
2016-06-26 21:37:31.780000,1.10343,1.10314,1000000,1380000
2016-06-26 21:37:35.523000,1.10344,1.10310,1000000,1380000
2016-06-26 21:37:35.827000,1.10342,1.10308,1000000,1880000
2016-06-26 21:37:40.982000,1.10343,1.10308,3750000,1880000
2016-06-26 21:37:43.261000,1.10340,1.10308,1500000,1880000
2016-06-26 21:37:43.790000,1.10341,1.10308,1000000,1380000
2016-06-26 21:37:50.200000,1.10340,1.10307,1000000,1880000
2016-06-26 21:37:58.795000,1.10339,1.10308,1000000,1380000
2016-06-26 21:38:26.437000,1.10341,1.10308,1000000,1510000
2016-06-26 21:38:26.861000,1.10343,1.10308,3000000,1510000
2016-06-26 21:39:14.101000,1.10343,1.10307,1500000,1510000
2016-06-26 21:39:16.425000,1.10344,1.10308,1000000,1010000
2016-06-26 21:39:16.758000,1.10346,1.10308,1000000,1510000
2016-06-26 21:39:19.589000,1.10346,1.10308,1000000,1510000
2016-06-26 21:39:46.259000,1.10346,1.10308,1000000,1510000
2016-06-26 21:39:47.943000,1.10346,1.10308,1000000,1510000
2016-06-26 21:40:16.420000,1.10348,1.10307,2250000,1010000
2016-06-26 21:40:16.728000,1.10346,1.10307,1000000,1010000
2016-06-26 21:40:49.308000,1.10346,1.10307,1000000,1500000
2016-06-26 21:40:49.465000,1.10346,1.10307,1370000,1000000
2016-06-26 21:40:55.362000,1.10346,1.10307,1370000,1000000
2016-06-26 21:40:59.501000,1.10346,1.10306,1370000,2250000
2016-06-26 21:41:07.115000,1.10346,1.10306,1370000,2250000
2016-06-26 21:41:13.725000,1.10346,1.10306,1370000,2250000
2016-06-26 21:41:30.502000,1.10346,1.10306,1370000,1500000
2016-06-26 21:41:39.055000,1.10346,1.10306,1120000,1000000
2016-06-26 21:41:40.259000,1.10346,1.10305,1120000,2250000
2016-06-26 21:42:10.978000,1.10346,1.10306,1000000,1000000
2016-06-26 21:42:20.236000,1.10346,1.10305,1000000,2250000
2016-06-26 21:42:21.940000,1.10346,1.10306,1000000,1000000
2016-06-26 21:42:40.080000,1.10346,1.10319,1000000,1000000
2016-06-26 21:42:40.392000,1.10346,1.10334,1000000,1000000
2016-06-26 21:42:43.775000,1.10346,1.10329,1000000,1000000
2016-06-26 21:42:43.840000,1.10346,1.10326,1000000,1000000
2016-06-26 21:42:44.714000,1.10346,1.10324,1000000,1000000
2016-06-26 21:42:45.253000,1.10346,1.10313,1000000,1000000
2016-06-26 21:42:45.304000,1.10346,1.10306,1000000,2250000
2016-06-26 21:43:13.070000,1.10346,1.10307,1120000,1000000
2016-06-26 21:43:36.417000,1.10346,1.10310,1000000,1000000
2016-06-26 21:43:36.468000,1.10350,1.10311,2250000,1500000
2016-06-26 21:43:36.519000,1.10360,1.10311,1000000,2250000
2016-06-26 21:43:46.104000,1.10353,1.10311,1000000,2250000
2016-06-26 21:43:46.431000,1.10359,1.10311,1000000,1000000
2016-06-26 21:43:47.171000,1.10359,1.10310,1000000,3000000
2016-06-26 21:43:47.700000,1.10359,1.10311,1000000,1000000
2016-06-26 21:43:49.458000,1.10349,1.10311,750000,1000000
2016-06-26 21:43:49.760000,1.10318,1.10303,1000000,1000000
2016-06-26 21:43:53.690000,1.10321,1.10305,1000000,1000000
2016-06-26 21:43:53.745000,1.10321,1.10312,1000000,1000000
2016-06-26 21:43:53.824000,1.10347,1.10312,1000000,1000000
2016-06-26 21:43:53.926000,1.10351,1.10312,1000000,1000000
2016-06-26 21:43:53.989000,1.10355,1.10312,1000000,1500000
2016-06-26 21:43:54.040000,1.10357,1.10312,2250000,1500000
2016-06-26 21:44:13.171000,1.10359,1.10312,1000000,1500000
2016-06-26 21:44:13.778000,1.10359,1.10311,1000000,1500000
2016-06-26 21:44:21.170000,1.10359,1.10312,1000000,1000000
2016-06-26 21:44:28.072000,1.10359,1.10311,1000000,1500000
2016-06-26 21:44:29.040000,1.10359,1.10312,1000000,1000000
2016-06-26 21:44:34.646000,1.10350,1.10312,1000000,1000000
2016-06-26 21:44:35.180000,1.10349,1.10311,1000000,1000000
2016-06-26 21:44:39.062000,1.10350,1.10311,1000000,1000000
2016-06-26 21:44:44.633000,1.10351,1.10311,1500000,1500000
2016-06-26 21:44:52.073000,1.10352,1.10311,1000000,1500000
2016-06-26 21:44:52.652000,1.10352,1.10312,1000000,1000000
2016-06-26 21:44:53.174000,1.10352,1.10311,1000000,1000000
2016-06-26 21:44:57.879000,1.10352,1.10312,1000000,1000000
2016-06-26 21:45:00.169000,1.10353,1.10312,1000000,1000000
2016-06-26 21:45:02.074000,1.10353,1.10310,1000000,1500000
2016-06-26 21:45:02.176000,1.10353,1.10312,1000000,1000000
2016-06-26 21:45:02.679000,1.10353,1.10311,1000000,1000000
2016-06-26 21:45:03.188000,1.10353,1.10312,1000000,1000000
2016-06-26 21:45:09.853000,1.10354,1.10312,1000000,1000000
2016-06-26 21:45:13.152000,1.10354,1.10311,1000000,1000000
2016-06-26 21:45:13.653000,1.10353,1.10312,1000000,1000000
2016-06-26 21:45:15.334000,1.10359,1.10312,1000000,1000000
2016-06-26 21:45:35.120000,1.10359,1.10311,1000000,1500000
2016-06-26 21:45:36.131000,1.10359,1.10312,1000000,1000000
2016-06-26 21:45:38.633000,1.10359,1.10311,1000000,1500000
2016-06-26 21:45:40.092000,1.10359,1.10312,1000000,1000000
2016-06-26 21:45:43.138000,1.10359,1.10313,1000000,1000000
2016-06-26 21:45:51.613000,1.10359,1.10311,1000000,1500000
2016-06-26 21:45:53.255000,1.10359,1.10310,1000000,1500000
2016-06-26 21:46:02.212000,1.10359,1.10320,1000000,1000000
2016-06-26 21:46:02.515000,1.10396,1.10372,1000000,1500000
2016-06-26 21:46:03.119000,1.10396,1.10373,1000000,1000000
2016-06-26 21:46:12.441000,1.10396,1.10380,1000000,1000000
2016-06-26 21:46:32.856000,1.10399,1.10380,1000000,1500000
2016-06-26 21:46:32.907000,1.10399,1.10383,1000000,1000000
2016-06-26 21:46:33.059000,1.10428,1.10399,1000000,1000000
2016-06-26 21:46:33.111000,1.10436,1.10410,750000,750000
2016-06-26 21:46:33.162000,1.10455,1.10413,1500000,1000000
2016-06-26 21:46:33.214000,1.10463,1.10413,1000000,1000000
2016-06-26 21:46:33.265000,1.10463,1.10411,1000000,1000000
2016-06-26 21:46:33.787000,1.10463,1.10412,1000000,1000000
2016-06-26 21:46:35.555000,1.10463,1.10413,1000000,1000000
2016-06-26 21:46:36.061000,1.10463,1.10412,1000000,1000000
2016-06-26 21:46:36.768000,1.10463,1.10411,1000000,1000000
2016-06-26 21:46:40.182000,1.10465,1.10411,1500000,1000000
2016-06-26 21:46:40.233000,1.10465,1.10418,1000000,1000000
2016-06-26 21:46:40.335000,1.10480,1.10419,1000000,1000000
2016-06-26 21:46:40.437000,1.10481,1.10421,1000000,1000000
2016-06-26 21:46:40.488000,1.10490,1.10421,1120000,1000000
2016-06-26 21:46:40.690000,1.10494,1.10421,1120000,1000000
2016-06-26 21:46:41.205000,1.10494,1.10420,1120000,1000000
2016-06-26 21:46:41.768000,1.10495,1.10421,1000000,1000000
2016-06-26 21:46:45.384000,1.10494,1.10421,1000000,1000000
2016-06-26 21:46:45.486000,1.10479,1.10421,1000000,1000000
2016-06-26 21:46:45.589000,1.10479,1.10417,1000000,1000000
2016-06-26 21:46:46.128000,1.10479,1.10418,1000000,1000000
2016-06-26 21:46:49.765000,1.10479,1.10417,1000000,1000000
2016-06-26 21:46:58.767000,1.10479,1.10419,1000000,1000000
2016-06-26 21:47:03.271000,1.10479,1.10417,1500000,1000000
2016-06-26 21:47:03.323000,1.10460,1.10417,750000,1000000
2016-06-26 21:47:03.475000,1.10457,1.10410,1000000,1000000
2016-06-26 21:47:04.677000,1.10457,1.10412,1000000,1000000
2016-06-26 21:47:04.779000,1.10457,1.10410,1000000,1500000
2016-06-26 21:47:12.133000,1.10455,1.10412,1000000,1000000
2016-06-26 21:47:12.633000,1.10455,1.10425,1000000,1500000
2016-06-26 21:47:15.656000,1.10455,1.10424,1000000,1000000
2016-06-26 21:47:16.010000,1.10453,1.10426,1000000,1000000
2016-06-26 21:47:16.112000,1.10453,1.10420,1000000,1000000
2016-06-26 21:47:16.163000,1.10453,1.10418,1000000,1000000
2016-06-26 21:47:18.138000,1.10454,1.10418,1500000,1000000
2016-06-26 21:47:18.653000,1.10454,1.10419,1500000,1000000
2016-06-26 21:47:20.305000,1.10453,1.10419,1000000,1000000
2016-06-26 21:47:20.715000,1.10453,1.10425,1000000,1000000
2016-06-26 21:47:22.215000,1.10454,1.10425,1000000,1500000
2016-06-26 21:47:24.319000,1.10452,1.10428,1000000,1000000
2016-06-26 21:47:24.623000,1.10455,1.10436,1000000,1000000
2016-06-26 21:47:24.724000,1.10454,1.10430,1000000,1500000
2016-06-26 21:47:25.253000,1.10454,1.10429,1000000,1000000
2016-06-26 21:47:27.260000,1.10453,1.10429,1000000,1000000
2016-06-26 21:47:27.551000,1.10455,1.10429,1000000,1000000
2016-06-26 21:47:28.026000,1.10455,1.10432,1000000,1000000
2016-06-26 21:47:28.329000,1.10453,1.10430,1000000,1500000
2016-06-26 21:47:28.431000,1.10453,1.10427,1500000,1000000
2016-06-26 21:47:32.467000,1.10453,1.10430,1000000,1000000
2016-06-26 21:47:32.864000,1.10453,1.10437,1000000,1000000
2016-06-26 21:47:34.217000,1.10453,1.10438,1000000,1000000
2016-06-26 21:47:34.319000,1.10453,1.10436,1000000,1000000
2016-06-26 21:47:34.420000,1.10453,1.10434,1000000,1000000
2016-06-26 21:47:38.909000,1.10453,1.10435,1000000,1000000
2016-06-26 21:47:39.010000,1.10453,1.10432,1000000,1000000
2016-06-26 21:47:40.158000,1.10452,1.10432,1000000,1000000
2016-06-26 21:47:40.209000,1.10452,1.10427,1000000,1000000
2016-06-26 21:47:41.315000,1.10452,1.10429,1000000,1000000
2016-06-26 21:47:41.633000,1.10455,1.10440,1000000,1500000
2016-06-26 21:47:52.019000,1.10453,1.10440,1000000,1500000
2016-06-26 21:47:53.047000,1.10453,1.10439,1000000,1000000
2016-06-26 21:47:53.113000,1.10454,1.10432,1000000,1000000
2016-06-26 21:47:53.164000,1.10454,1.10430,1000000,1000000
2016-06-26 21:47:53.671000,1.10453,1.10430,1000000,1500000
2016-06-26 21:47:54.218000,1.10453,1.10439,1000000,1000000
2016-06-26 21:47:54.521000,1.10451,1.10443,1000000,1000000
2016-06-26 21:47:58.604000,1.10452,1.10442,1000000,1500000
2016-06-26 21:47:59.126000,1.10451,1.10443,1000000,1000000
2016-06-26 21:47:59.727000,1.10452,1.10442,1000000,1500000
2016-06-26 21:48:00.234000,1.10451,1.10443,1000000,1000000
2016-06-26 21:48:07.780000,1.10450,1.10443,1000000,1000000
2016-06-26 21:48:08.086000,1.10448,1.10442,1000000,1000000
2016-06-26 21:48:08.633000,1.10448,1.10441,1000000,2250000
2016-06-26 21:48:10.321000,1.10450,1.10442,2250000,1000000
2016-06-26 21:48:10.422000,1.10453,1.10441,1500000,2250000
2016-06-26 21:48:10.946000,1.10452,1.10441,1000000,2250000
2016-06-26 21:48:17.954000,1.10451,1.10441,1000000,1500000
2016-06-26 21:48:20.384000,1.10447,1.10441,1500000,1500000
2016-06-26 21:48:23.296000,1.10451,1.10441,1000000,1500000
2016-06-26 21:48:25.855000,1.10452,1.10441,1000000,1000000
2016-06-26 21:48:26.371000,1.10451,1.10441,1000000,1500000
2016-06-26 21:48:29.252000,1.10452,1.10441,1000000,1000000
2016-06-26 21:48:29.831000,1.10452,1.10440,1000000,1500000
2016-06-26 21:48:29.883000,1.10454,1.10428,2250000,1500000
2016-06-26 21:48:29.933000,1.10453,1.10439,1500000,750000
2016-06-26 21:48:30.237000,1.10455,1.10443,1500000,1000000
2016-06-26 21:48:31.504000,1.10454,1.10443,1000000,1000000
2016-06-26 21:48:31.555000,1.10454,1.10440,1500000,1000000
2016-06-26 21:48:31.618000,1.10454,1.10419,1500000,1000000
2016-06-26 21:48:31.669000,1.10454,1.10413,2250000,1000000
2016-06-26 21:48:31.771000,1.10453,1.10440,1500000,1000000
2016-06-26 21:48:32.024000,1.10450,1.10432,1000000,1000000
2016-06-26 21:48:32.075000,1.10454,1.10414,1500000,1000000
2016-06-26 21:48:33.325000,1.10454,1.10428,1500000,750000
2016-06-26 21:48:33.667000,1.10455,1.10442,1000000,1500000
2016-06-26 21:48:33.970000,1.10454,1.10444,1000000,1000000
2016-06-26 21:48:36.660000,1.10453,1.10445,1000000,1500000
2016-06-26 21:48:47.314000,1.10454,1.10446,1000000,1000000
2016-06-26 21:48:47.567000,1.10458,1.10443,1000000,3000000
2016-06-26 21:48:47.731000,1.10460,1.10443,2250000,1500000
2016-06-26 21:48:55.874000,1.10459,1.10443,1000000,1000000
2016-06-26 21:49:00.144000,1.10460,1.10443,1000000,1000000
2016-06-26 21:49:03.905000,1.10460,1.10442,2250000,1000000
2016-06-26 21:49:04.516000,1.10459,1.10442,1000000,1500000
2016-06-26 21:49:08.662000,1.10446,1.10442,1000000,1500000
2016-06-26 21:49:08.865000,1.10434,1.10420,1000000,750000
2016-06-26 21:49:08.917000,1.10434,1.10408,1500000,1120000
2016-06-26 21:49:08.997000,1.10434,1.10398,1500000,1000000
2016-06-26 21:49:15.896000,1.10435,1.10398,3000000,1000000
2016-06-26 21:49:16.528000,1.10435,1.10397,3000000,1500000
2016-06-26 21:49:24.290000,1.10435,1.10408,3000000,750000
2016-06-26 21:49:24.595000,1.10449,1.10444,750000,1000000
2016-06-26 21:49:24.646000,1.10445,1.10415,750000,1000000
2016-06-26 21:49:24.724000,1.10468,1.10415,1000000,1000000
2016-06-26 21:49:24.825000,1.10470,1.10415,1000000,1000000
2016-06-26 21:49:30.595000,1.10436,1.10415,750000,1000000
2016-06-26 21:49:30.646000,1.10436,1.10411,1500000,1000000
2016-06-26 21:49:30.747000,1.10435,1.10407,1000000,1000000
2016-06-26 21:49:30.849000,1.10435,1.10399,1500000,1000000
2016-06-26 21:49:30.917000,1.10456,1.10399,1000000,1000000
2016-06-26 21:49:31.019000,1.10456,1.10409,1000000,1000000
2016-06-26 21:49:31.948000,1.10456,1.10411,1000000,1000000
2016-06-26 21:49:32.480000,1.10457,1.10411,1500000,1000000
2016-06-26 21:49:33.349000,1.10457,1.10412,1000000,1000000
2016-06-26 21:49:33.399000,1.10460,1.10412,1000000,1000000
2016-06-26 21:49:33.551000,1.10461,1.10419,1000000,1000000
2016-06-26 21:49:33.602000,1.10464,1.10419,1000000,1000000
2016-06-26 21:49:34.111000,1.10464,1.10418,1000000,1000000
2016-06-26 21:49:34.235000,1.10467,1.10415,1000000,1000000
2016-06-26 21:49:34.611000,1.10467,1.10420,1000000,1000000
2016-06-26 21:49:35.106000,1.10468,1.10418,1000000,1000000
2016-06-26 21:49:35.158000,1.10468,1.10411,1000000,1000000
2016-06-26 21:49:35.260000,1.10468,1.10400,1000000,1000000
2016-06-26 21:49:35.834000,1.10468,1.10399,1000000,1000000
2016-06-26 21:49:38.121000,1.10468,1.10400,1000000,1000000
2016-06-26 21:49:39.226000,1.10466,1.10400,1000000,1000000
2016-06-26 21:49:39.530000,1.10469,1.10408,1000000,1000000
2016-06-26 21:49:40.037000,1.10469,1.10409,1000000,1000000
2016-06-26 21:49:40.552000,1.10469,1.10410,1000000,1500000
2016-06-26 21:49:41.152000,1.10469,1.10409,1000000,1000000
2016-06-26 21:49:43.107000,1.10476,1.10409,1500000,1000000
2016-06-26 21:49:43.259000,1.10476,1.10412,1500000,1000000
2016-06-26 21:49:43.802000,1.10475,1.10412,1000000,1000000
2016-06-26 21:49:50.075000,1.10475,1.10413,1000000,1000000
2016-06-26 21:49:53.588000,1.10475,1.10415,1000000,1500000
2016-06-26 21:49:54.124000,1.10476,1.10415,1500000,1000000
2016-06-26 21:49:54.649000,1.10476,1.10416,2250000,1000000
2016-06-26 21:49:55.453000,1.10476,1.10417,2250000,1000000
2016-06-26 21:50:01.177000,1.10476,1.10415,2250000,1000000
2016-06-26 21:50:11.705000,1.10476,1.10416,2250000,1000000
2016-06-26 21:50:13.548000,1.10454,1.10415,1000000,1500000
2016-06-26 21:50:13.852000,1.10448,1.10409,1000000,2250000
2016-06-26 21:50:15.886000,1.10448,1.10411,1000000,1000000
2016-06-26 21:50:24.474000,1.10448,1.10410,1000000,1500000
2016-06-26 21:50:28.211000,1.10448,1.10411,1000000,1000000
2016-06-26 21:50:38.893000,1.10447,1.10411,1000000,1500000
2016-06-26 21:50:54.363000,1.10447,1.10416,1000000,1000000
2016-06-26 21:50:54.415000,1.10456,1.10416,3750000,1000000
2016-06-26 21:50:54.466000,1.10466,1.10416,1500000,1000000
2016-06-26 21:50:54.720000,1.10471,1.10417,1000000,1000000
2016-06-26 21:50:54.922000,1.10469,1.10416,1000000,1000000
2016-06-26 21:50:55.242000,1.10447,1.10414,1000000,1000000
2016-06-26 21:50:58.685000,1.10447,1.10418,1000000,1000000
2016-06-26 21:50:58.937000,1.10453,1.10420,1000000,1500000
2016-06-26 21:50:58.988000,1.10453,1.10430,1000000,1000000
2016-06-26 21:50:59.292000,1.10453,1.10436,750000,1000000
2016-06-26 21:50:59.751000,1.10453,1.10441,750000,750000
2016-06-26 21:50:59.853000,1.10453,1.10436,750000,1000000
2016-06-26 21:51:00.386000,1.10453,1.10435,750000,1000000
2016-06-26 21:51:01.281000,1.10453,1.10436,750000,1000000
2016-06-26 21:51:05.259000,1.10453,1.10435,750000,1000000
2016-06-26 21:51:08.265000,1.10453,1.10434,750000,1000000
2016-06-26 21:51:09.705000,1.10453,1.10440,750000,1000000
2016-06-26 21:51:11.592000,1.10448,1.10440,750000,1500000
2016-06-26 21:51:11.798000,1.10443,1.10431,750000,1000000
2016-06-26 21:51:12.471000,1.10443,1.10430,750000,1500000
2016-06-26 21:51:18.611000,1.10451,1.10430,1000000,1500000
2016-06-26 21:51:18.713000,1.10441,1.10435,750000,1500000
2016-06-26 21:51:18.814000,1.10441,1.10431,750000,1000000
2016-06-26 21:51:19.779000,1.10441,1.10430,750000,1500000
2016-06-26 21:51:25.940000,1.10447,1.10444,1000000,1000000
2016-06-26 21:51:26.042000,1.10451,1.10446,1000000,1000000
2016-06-26 21:51:26.093000,1.10454,1.10449,1000000,1500000
2016-06-26 21:51:27.122000,1.10456,1.10452,1000000,1000000
2016-06-26 21:51:27.326000,1.10480,1.10471,1000000,1000000
2016-06-26 21:51:27.428000,1.10492,1.10478,1000000,1000000
2016-06-26 21:51:27.530000,1.10496,1.10478,1100000,1000000
2016-06-26 21:51:30.225000,1.10496,1.10479,1570000,1000000
2016-06-26 21:51:30.428000,1.10496,1.10475,1570000,1000000
2016-06-26 21:51:30.596000,1.10496,1.10471,1570000,1000000
2016-06-26 21:51:31.130000,1.10495,1.10470,1000000,1500000
2016-06-26 21:51:31.674000,1.10496,1.10470,2320000,1500000
2016-06-26 21:51:31.725000,1.10487,1.10470,1000000,1000000
2016-06-26 21:51:31.827000,1.10487,1.10467,1000000,1000000
2016-06-26 21:51:32.731000,1.10491,1.10469,1000000,1000000
2016-06-26 21:51:32.832000,1.10496,1.10469,2320000,1000000
2016-06-26 21:51:32.934000,1.10495,1.10471,1500000,1000000
2016-06-26 21:51:33.486000,1.10496,1.10471,3070000,1000000
2016-06-26 21:51:34.054000,1.10495,1.10471,1500000,1000000
2016-06-26 21:51:34.687000,1.10487,1.10471,1000000,1000000
2016-06-26 21:51:35.107000,1.10474,1.10462,750000,1000000
2016-06-26 21:51:36.412000,1.10486,1.10462,1000000,1000000
2016-06-26 21:51:36.463000,1.10496,1.10462,1570000,1000000
2016-06-26 21:51:36.514000,1.10496,1.10470,1570000,750000
2016-06-26 21:51:37.041000,1.10496,1.10471,1570000,1000000
2016-06-26 21:51:41.735000,1.10496,1.10470,1570000,1000000
2016-06-26 21:51:42.401000,1.10496,1.10471,1570000,1000000
2016-06-26 21:51:45.860000,1.10495,1.10471,1000000,1000000
2016-06-26 21:51:46.258000,1.10495,1.10474,1000000,1000000
2016-06-26 21:51:47.654000,1.10495,1.10475,1000000,1000000
2016-06-26 21:51:47.960000,1.10495,1.10479,1000000,1500000
2016-06-26 21:51:51.064000,1.10495,1.10473,1000000,1000000
2016-06-26 21:51:54.627000,1.10495,1.10470,1000000,1500000
2016-06-26 21:51:55.177000,1.10496,1.10470,1500000,1500000
2016-06-26 21:51:55.330000,1.10479,1.10470,750000,1000000
2016-06-26 21:51:55.381000,1.10479,1.10462,1000000,1000000
2016-06-26 21:51:55.432000,1.10479,1.10467,1000000,1000000
2016-06-26 21:51:58.061000,1.10492,1.10470,1000000,1000000
2016-06-26 21:51:58.134000,1.10506,1.10472,1500000,1000000
2016-06-26 21:51:58.749000,1.10506,1.10473,1000000,1000000
2016-06-26 21:52:02.613000,1.10507,1.10473,1000000,1000000
2016-06-26 21:52:09.711000,1.10507,1.10475,1000000,1000000
2016-06-26 21:52:14.119000,1.10507,1.10473,1000000,1000000
2016-06-26 21:52:18.283000,1.10507,1.10475,1000000,1000000
2016-06-26 21:52:18.869000,1.10507,1.10476,1000000,1000000
2016-06-26 21:52:19.890000,1.10496,1.10470,750000,1500000
2016-06-26 21:52:24.070000,1.10496,1.10473,1000000,1000000
2016-06-26 21:52:26.173000,1.10496,1.10474,1000000,1000000
2016-06-26 21:52:27.772000,1.10476,1.10470,750000,1000000
2016-06-26 21:52:27.823000,1.10474,1.10462,750000,1000000
2016-06-26 21:52:49.612000,1.10496,1.10471,1000000,1000000
2016-06-26 21:52:50.551000,1.10496,1.10470,1000000,1500000
2016-06-26 21:52:55.314000,1.10496,1.10471,1000000,1000000
2016-06-26 21:52:55.821000,1.10496,1.10470,1000000,1500000
2016-06-26 21:52:56.496000,1.10490,1.10470,1000000,1500000
2016-06-26 21:52:56.547000,1.10490,1.10468,1000000,1000000
2016-06-26 21:52:58.030000,1.10476,1.10465,750000,1500000
2016-06-26 21:52:58.132000,1.10476,1.10463,750000,1000000
2016-06-26 21:52:58.284000,1.10490,1.10463,3370000,1000000
2016-06-26 21:52:58.335000,1.10490,1.10470,1870000,1000000
2016-06-26 21:53:00.647000,1.10490,1.10471,1000000,1000000
2016-06-26 21:53:01.001000,1.10496,1.10471,1000000,1000000
2016-06-26 21:53:01.517000,1.10496,1.10470,1000000,1500000
2016-06-26 21:53:02.265000,1.10496,1.10472,1000000,1000000
2016-06-26 21:53:02.721000,1.10496,1.10470,1000000,1500000
2016-06-26 21:53:02.823000,1.10496,1.10473,1000000,1000000
2016-06-26 21:53:02.924000,1.10496,1.10471,1000000,1000000
2016-06-26 21:53:04.135000,1.10496,1.10473,1000000,1000000
2016-06-26 21:53:04.237000,1.10496,1.10471,1000000,1000000
2016-06-26 21:53:04.288000,1.10490,1.10471,750000,1000000
2016-06-26 21:53:06.299000,1.10491,1.10471,1000000,1000000
2016-06-26 21:53:06.612000,1.10491,1.10479,750000,1000000
2016-06-26 21:53:10.553000,1.10491,1.10478,750000,1000000
2016-06-26 21:53:10.856000,1.10491,1.10480,750000,1500000
2016-06-26 21:53:12.063000,1.10491,1.10479,750000,1000000
2016-06-26 21:53:12.377000,1.10486,1.10479,750000,1000000
2016-06-26 21:53:12.529000,1.10491,1.10479,1000000,1000000
2016-06-26 21:53:14.511000,1.10494,1.10479,1000000,1000000
2016-06-26 21:53:15.006000,1.10489,1.10479,750000,1000000
2016-06-26 21:53:15.158000,1.10489,1.10474,1000000,1000000
2016-06-26 21:53:15.209000,1.10493,1.10474,1000000,1000000
2016-06-26 21:53:15.463000,1.10493,1.10476,1000000,1000000
2016-06-26 21:53:16.041000,1.10492,1.10475,1000000,1500000
2016-06-26 21:53:17.685000,1.10492,1.10476,1000000,1000000
2016-06-26 21:53:18.614000,1.10487,1.10476,750000,1000000
2016-06-26 21:53:23.068000,1.10487,1.10477,750000,1000000
2016-06-26 21:53:23.443000,1.10479,1.10477,1000000,1000000
