time,ask,bid,ask_volume,bid_volume
2015-05-17 21:00:34.584000,1.14504,1.14469,300000,750000
2015-05-17 21:00:36.258000,1.14493,1.14469,750000,1500000
2015-05-17 21:00:42.176000,1.14493,1.14476,750000,750000
2015-05-17 21:00:42.911000,1.14493,1.14477,750000,750000
2015-05-17 21:00:49.295000,1.14492,1.14477,750000,750000
2015-05-17 21:01:42.257000,1.14492,1.14473,750000,370000
2015-05-17 21:01:55.955000,1.14494,1.14473,750000,370000
2015-05-17 21:01:56.723000,1.14493,1.14473,750000,370000
2015-05-17 21:02:05.037000,1.14493,1.14476,750000,1500000
2015-05-17 21:02:46.046000,1.14493,1.14477,750000,750000
2015-05-17 21:02:51.283000,1.14494,1.14477,750000,1500000
2015-05-17 21:03:06.970000,1.14494,1.14478,750000,750000
2015-05-17 21:03:07.544000,1.14493,1.14478,750000,1500000
2015-05-17 21:03:10.643000,1.14490,1.14478,750000,1500000
2015-05-17 21:03:26.979000,1.14490,1.14479,750000,750000
2015-05-17 21:03:40.845000,1.14490,1.14477,750000,1500000
2015-05-17 21:03:59.924000,1.14489,1.14477,750000,1500000
2015-05-17 21:04:00.819000,1.14489,1.14478,750000,750000
2015-05-17 21:04:01.129000,1.14499,1.14478,750000,750000
2015-05-17 21:04:01.268000,1.14499,1.14480,750000,750000
2015-05-17 21:04:01.372000,1.14500,1.14477,750000,750000
2015-05-17 21:04:01.424000,1.14500,1.14480,750000,750000
2015-05-17 21:04:01.475000,1.14504,1.14480,300000,1500000
2015-05-17 21:04:23.888000,1.14506,1.14480,1050000,1500000
2015-05-17 21:04:24.462000,1.14490,1.14480,300000,1500000
2015-05-17 21:05:01.522000,1.14490,1.14466,300000,2250000
2015-05-17 21:05:07.008000,1.14496,1.14466,1050000,1500000
2015-05-17 21:05:10.339000,1.14496,1.14480,1050000,1000000
2015-05-17 21:05:10.820000,1.14498,1.14480,2250000,1500000
2015-05-17 21:05:10.871000,1.14500,1.14480,1050000,1500000
2015-05-17 21:05:17.930000,1.14501,1.14480,1050000,1000000
2015-05-17 21:05:40.199000,1.14507,1.14488,1050000,1500000
2015-05-17 21:05:40.774000,1.14511,1.14488,1930000,1500000
2015-05-17 21:05:41.075000,1.14511,1.14492,1970000,1000000
2015-05-17 21:05:42.166000,1.14510,1.14489,1360000,1000000
2015-05-17 21:05:46.771000,1.14510,1.14488,1210000,1500000
2015-05-17 21:05:49.018000,1.14509,1.14488,1830000,1500000
2015-05-17 21:05:54.002000,1.14495,1.14488,300000,2250000
2015-05-17 21:05:55.782000,1.14494,1.14486,300000,1000000
2015-05-17 21:05:58.885000,1.14506,1.14490,1120000,1000000
2015-05-17 21:05:58.936000,1.14513,1.14490,1370000,1500000
2015-05-17 21:05:58.987000,1.14509,1.14490,1000000,1500000
2015-05-17 21:06:25.732000,1.14502,1.14490,1120000,1000000
2015-05-17 21:06:26.041000,1.14493,1.14483,1000000,1500000
2015-05-17 21:06:26.162000,1.14494,1.14480,1000000,1500000
2015-05-17 21:06:26.263000,1.14497,1.14480,1000000,1500000
2015-05-17 21:06:35.362000,1.14496,1.14480,1000000,1500000
2015-05-17 21:06:37.081000,1.14490,1.14480,1000000,1500000
2015-05-17 21:06:37.638000,1.14489,1.14480,1000000,1500000
2015-05-17 21:06:46.448000,1.14491,1.14480,1000000,1500000
2015-05-17 21:06:46.549000,1.14489,1.14480,1000000,1500000
2015-05-17 21:06:47.108000,1.14489,1.14481,1000000,1500000
2015-05-17 21:06:48.576000,1.14489,1.14479,1000000,1500000
2015-05-17 21:07:01.478000,1.14494,1.14479,1000000,1500000
2015-05-17 21:07:15.439000,1.14493,1.14479,1000000,1500000
2015-05-17 21:07:35.328000,1.14488,1.14479,1000000,1000000
2015-05-17 21:07:35.693000,1.14482,1.14473,1000000,1000000
2015-05-17 21:07:36.329000,1.14482,1.14477,1000000,1500000
2015-05-17 21:07:36.380000,1.14484,1.14477,1000000,1500000
2015-05-17 21:07:36.431000,1.14484,1.14479,1000000,1500000
2015-05-17 21:07:36.481000,1.14493,1.14479,1000000,1500000
2015-05-17 21:07:40.980000,1.14493,1.14479,2250000,1500000
2015-05-17 21:07:41.031000,1.14493,1.14477,2250000,1000000
2015-05-17 21:07:50.219000,1.14495,1.14477,1750000,1000000
2015-05-17 21:07:52.771000,1.14495,1.14475,1750000,1500000
2015-05-17 21:08:11.113000,1.14493,1.14475,2250000,1500000
2015-05-17 21:08:12.946000,1.14493,1.14476,2250000,1000000
2015-05-17 21:09:10.333000,1.14495,1.14476,1000000,1500000
2015-05-17 21:09:13.135000,1.14495,1.14472,1000000,1370000
2015-05-17 21:09:27.508000,1.14490,1.14469,1000000,2250000
2015-05-17 21:09:37.763000,1.14496,1.14472,1380000,1370000
2015-05-17 21:09:38.394000,1.14496,1.14472,1500000,1370000
2015-05-17 21:10:10.541000,1.14496,1.14472,1500000,1000000
2015-05-17 21:10:14.862000,1.14496,1.14471,1000000,1000000
2015-05-17 21:10:30.266000,1.14495,1.14471,1000000,1000000
2015-05-17 21:10:32.810000,1.14496,1.14472,1500000,1000000
2015-05-17 21:10:34.560000,1.14482,1.14472,1000000,1000000
2015-05-17 21:10:34.663000,1.14480,1.14468,1000000,1500000
2015-05-17 21:10:35.626000,1.14480,1.14475,1000000,1000000
2015-05-17 21:10:35.677000,1.14498,1.14476,1870000,1000000
2015-05-17 21:10:35.728000,1.14495,1.14476,1500000,1000000
2015-05-17 21:10:38.165000,1.14490,1.14472,1000000,1000000
2015-05-17 21:10:38.478000,1.14490,1.14469,1370000,1000000
2015-05-17 21:10:38.891000,1.14495,1.14475,3000000,1500000
2015-05-17 21:10:40.181000,1.14495,1.14477,2620000,1500000
2015-05-17 21:10:48.392000,1.14495,1.14472,2620000,2250000
2015-05-17 21:10:48.935000,1.14491,1.14472,1000000,2250000
2015-05-17 21:11:08.387000,1.14490,1.14472,1000000,2250000
2015-05-17 21:12:18.071000,1.14490,1.14471,1000000,1500000
2015-05-17 21:12:47.598000,1.14489,1.14471,1000000,1500000
2015-05-17 21:13:03.703000,1.14488,1.14471,1000000,1500000
2015-05-17 21:13:10.769000,1.14488,1.14469,1000000,1000000
2015-05-17 21:13:10.820000,1.14477,1.14469,1000000,1000000
2015-05-17 21:13:11.022000,1.14475,1.14460,1500000,1870000
2015-05-17 21:13:11.124000,1.14475,1.14468,1500000,1500000
2015-05-17 21:13:11.235000,1.14477,1.14468,1000000,1500000
2015-05-17 21:13:55.270000,1.14479,1.14468,1000000,1500000
2015-05-17 21:14:15.826000,1.14478,1.14468,1000000,1000000
2015-05-17 21:14:16.471000,1.14476,1.14468,1870000,1000000
2015-05-17 21:14:16.624000,1.14474,1.14461,1370000,1500000
2015-05-17 21:14:16.827000,1.14468,1.14464,750000,1000000
2015-05-17 21:14:16.928000,1.14477,1.14468,1000000,1500000
2015-05-17 21:14:31.500000,1.14476,1.14468,1000000,1000000
2015-05-17 21:15:10,1.14475,1.14468,1120000,1000000
2015-05-17 21:15:10.050000,1.14475,1.14468,3000000,1000000
2015-05-17 21:15:10.101000,1.14474,1.14459,1370000,1500000
2015-05-17 21:15:16.175000,1.14470,1.14459,1000000,1500000
2015-05-17 21:15:32.355000,1.14474,1.14459,1370000,1500000
2015-05-17 21:15:49.929000,1.14474,1.14459,1370000,1500000
2015-05-17 21:16:00.049000,1.14474,1.14459,1370000,1500000
2015-05-17 21:16:10.089000,1.14474,1.14458,1370000,2250000
2015-05-17 21:16:20.204000,1.14471,1.14458,1000000,1500000
2015-05-17 21:16:21.609000,1.14470,1.14458,1000000,1500000
2015-05-17 21:16:22.206000,1.14471,1.14458,1000000,1500000
2015-05-17 21:16:23.683000,1.14470,1.14458,1000000,1500000
2015-05-17 21:16:38.810000,1.14471,1.14458,1000000,1870000
2015-05-17 21:16:39.741000,1.14470,1.14458,1000000,1870000
2015-05-17 21:16:51.644000,1.14471,1.14458,1120000,1870000
2015-05-17 21:16:52.374000,1.14470,1.14458,1000000,1870000
2015-05-17 21:16:57.773000,1.14471,1.14458,1120000,1500000
2015-05-17 21:16:58.314000,1.14470,1.14458,1000000,1500000
2015-05-17 21:17:13.748000,1.14471,1.14458,1000000,1500000
2015-05-17 21:17:14.319000,1.14470,1.14458,1000000,1500000
2015-05-17 21:17:20.141000,1.14471,1.14458,1000000,1500000
2015-05-17 21:17:21.746000,1.14470,1.14458,1000000,1500000
2015-05-17 21:17:23.729000,1.14471,1.14458,1000000,1500000
2015-05-17 21:17:25.762000,1.14470,1.14458,1000000,1500000
2015-05-17 21:17:27.018000,1.14473,1.14458,1370000,1500000
2015-05-17 21:17:27.571000,1.14470,1.14458,1000000,1500000
2015-05-17 21:17:29.277000,1.14470,1.14458,1500000,1500000
2015-05-17 21:17:29.693000,1.14467,1.14458,1000000,1500000
2015-05-17 21:17:35.862000,1.14466,1.14458,1000000,1500000
2015-05-17 21:18:17.232000,1.14465,1.14458,1000000,1500000
2015-05-17 21:18:17.333000,1.14460,1.14447,1500000,1000000
2015-05-17 21:18:17.384000,1.14458,1.14445,1000000,1120000
2015-05-17 21:18:17.486000,1.14460,1.14445,2250000,1120000
2015-05-17 21:18:18.014000,1.14460,1.14444,1500000,1000000
2015-05-17 21:18:34.926000,1.14460,1.14444,1500000,1000000
2015-05-17 21:18:41.209000,1.14460,1.14445,1370000,2620000
2015-05-17 21:19:01.374000,1.14461,1.14444,2620000,1870000
2015-05-17 21:19:01.925000,1.14460,1.14445,1500000,1120000
2015-05-17 21:19:03.122000,1.14460,1.14446,1500000,1500000
2015-05-17 21:19:04.219000,1.14460,1.14446,1120000,1500000
2015-05-17 21:19:04.785000,1.14453,1.14445,2250000,1120000
2015-05-17 21:19:04.886000,1.14447,1.14438,1000000,1000000
2015-05-17 21:19:04.942000,1.14447,1.14440,1000000,1000000
2015-05-17 21:19:05.455000,1.14448,1.14440,1000000,1000000
2015-05-17 21:19:06.057000,1.14448,1.14439,1000000,1000000
2015-05-17 21:19:06.737000,1.14448,1.14440,1000000,1000000
2015-05-17 21:19:07.680000,1.14447,1.14440,1000000,1000000
2015-05-17 21:19:07.759000,1.14447,1.14438,1000000,1000000
2015-05-17 21:19:32.280000,1.14446,1.14438,1000000,1000000
2015-05-17 21:19:44.114000,1.14447,1.14438,1500000,1000000
2015-05-17 21:19:45.722000,1.14446,1.14438,1000000,1000000
2015-05-17 21:20:03.714000,1.14447,1.14438,1500000,1000000
2015-05-17 21:20:04.216000,1.14446,1.14438,1000000,1000000
2015-05-17 21:20:09.757000,1.14441,1.14438,1500000,1000000
2015-05-17 21:20:10.324000,1.14440,1.14438,1000000,1000000
2015-05-17 21:20:24.517000,1.14441,1.14438,1500000,1000000
2015-05-17 21:20:25.515000,1.14440,1.14438,1000000,1000000
2015-05-17 21:20:26.054000,1.14440,1.14438,1500000,1000000
2015-05-17 21:20:27.421000,1.14440,1.14438,1000000,1000000
2015-05-17 21:20:33.446000,1.14440,1.14438,1500000,1000000
2015-05-17 21:20:33.948000,1.14440,1.14438,1000000,1000000
2015-05-17 21:20:38.166000,1.14440,1.14438,1500000,1000000
2015-05-17 21:20:38.675000,1.14440,1.14438,1000000,1000000
2015-05-17 21:20:40.655000,1.14440,1.14438,1500000,1000000
2015-05-17 21:20:41.178000,1.14440,1.14438,1000000,1000000
2015-05-17 21:20:49.813000,1.14440,1.14438,1500000,1000000
2015-05-17 21:20:50.315000,1.14440,1.14438,1000000,1000000
2015-05-17 21:20:52.122000,1.14440,1.14438,1500000,1000000
2015-05-17 21:20:52.902000,1.14440,1.14438,1000000,1000000
2015-05-17 21:20:59.737000,1.14440,1.14438,1500000,1000000
2015-05-17 21:21:00.639000,1.14440,1.14438,1000000,1000000
2015-05-17 21:21:05.475000,1.14440,1.14438,1500000,1000000
2015-05-17 21:21:06.040000,1.14440,1.14438,1000000,1000000
2015-05-17 21:21:11.209000,1.14440,1.14438,1500000,1000000
2015-05-17 21:21:11.788000,1.14440,1.14438,1000000,1000000
2015-05-17 21:21:16.874000,1.14436,1.14430,1370000,3750000
2015-05-17 21:21:17.032000,1.14432,1.14430,1000000,1000000
2015-05-17 21:21:17.083000,1.14430,1.14428,1000000,1000000
2015-05-17 21:21:17.134000,1.14428,1.14425,1000000,1500000
2015-05-17 21:21:17.236000,1.14426,1.14422,1000000,1000000
2015-05-17 21:21:17.337000,1.14425,1.14420,1000000,1500000
2015-05-17 21:21:20.363000,1.14427,1.14420,1500000,2620000
2015-05-17 21:21:20.877000,1.14427,1.14420,1750000,2620000
2015-05-17 21:21:24.543000,1.14427,1.14420,1500000,2620000
2015-05-17 21:21:25.385000,1.14427,1.14420,1000000,2620000
2015-05-17 21:21:28.259000,1.14427,1.14420,1500000,2620000
2015-05-17 21:21:28.807000,1.14427,1.14420,1750000,2620000
2015-05-17 21:21:29.710000,1.14427,1.14420,1500000,2620000
2015-05-17 21:21:30.262000,1.14427,1.14420,1750000,2620000
2015-05-17 21:21:33.278000,1.14427,1.14420,1500000,2620000
2015-05-17 21:21:33.818000,1.14427,1.14420,1750000,1870000
2015-05-17 21:21:35.038000,1.14428,1.14422,1750000,1870000
2015-05-17 21:21:35.139000,1.14431,1.14424,1000000,1370000
2015-05-17 21:21:35.672000,1.14432,1.14425,1750000,1120000
2015-05-17 21:21:51.200000,1.14432,1.14425,1500000,1120000
2015-05-17 21:21:52.202000,1.14432,1.14425,1750000,1120000
2015-05-17 21:21:54.169000,1.14432,1.14425,1500000,1120000
2015-05-17 21:21:54.710000,1.14432,1.14424,1750000,2620000
2015-05-17 21:21:55.286000,1.14432,1.14425,1750000,1120000
2015-05-17 21:21:59.115000,1.14432,1.14425,1500000,1120000
2015-05-17 21:21:59.669000,1.14432,1.14425,1750000,1120000
2015-05-17 21:22:00.238000,1.14432,1.14424,1750000,2620000
2015-05-17 21:22:01.615000,1.14432,1.14425,1750000,1120000
2015-05-17 21:22:03.120000,1.14432,1.14424,1750000,2620000
2015-05-17 21:22:03.642000,1.14432,1.14425,1750000,1120000
2015-05-17 21:22:04.464000,1.14430,1.14420,1750000,4120000
2015-05-17 21:22:04.515000,1.14429,1.14420,1000000,4120000
2015-05-17 21:22:05.111000,1.14430,1.14420,1750000,4120000
2015-05-17 21:22:05.679000,1.14429,1.14420,1000000,4120000
2015-05-17 21:22:06.531000,1.14430,1.14420,1750000,4120000
2015-05-17 21:22:07.045000,1.14430,1.14422,1750000,1370000
2015-05-17 21:22:07.384000,1.14432,1.14425,1750000,1120000
2015-05-17 21:22:08.884000,1.14432,1.14424,1750000,1120000
2015-05-17 21:22:09.484000,1.14432,1.14425,1750000,1120000
2015-05-17 21:22:16.498000,1.14432,1.14424,1750000,1120000
2015-05-17 21:22:17.103000,1.14432,1.14425,1750000,1120000
2015-05-17 21:22:23.128000,1.14432,1.14424,1750000,1120000
2015-05-17 21:22:23.631000,1.14432,1.14425,1750000,1120000
2015-05-17 21:22:23.682000,1.14432,1.14425,1500000,1120000
2015-05-17 21:22:26.839000,1.14444,1.14425,1000000,1120000
2015-05-17 21:22:36.307000,1.14444,1.14424,1000000,1120000
2015-05-17 21:22:36.939000,1.14444,1.14425,1000000,1120000
2015-05-17 21:22:41.545000,1.14444,1.14424,1000000,1120000
2015-05-17 21:22:42.070000,1.14444,1.14425,1000000,1120000
2015-05-17 21:22:50.853000,1.14444,1.14424,1000000,1120000
2015-05-17 21:22:51.412000,1.14444,1.14425,1000000,1120000
2015-05-17 21:23:04.004000,1.14444,1.14424,1500000,1120000
2015-05-17 21:23:04.918000,1.14444,1.14425,1500000,1120000
2015-05-17 21:23:14.423000,1.14444,1.14424,1500000,1120000
2015-05-17 21:23:15.025000,1.14444,1.14425,1000000,1120000
2015-05-17 21:23:19.191000,1.14444,1.14424,1500000,1120000
2015-05-17 21:23:19.715000,1.14444,1.14425,1500000,1120000
2015-05-17 21:23:20.349000,1.14432,1.14425,750000,1120000
2015-05-17 21:23:20.689000,1.14430,1.14421,1750000,1370000
2015-05-17 21:23:28.029000,1.14430,1.14420,1750000,3370000
2015-05-17 21:23:28.852000,1.14430,1.14420,1750000,3370000
2015-05-17 21:23:29.372000,1.14430,1.14420,1000000,3370000
2015-05-17 21:23:29.935000,1.14430,1.14420,1750000,3370000
2015-05-17 21:23:39.073000,1.14430,1.14420,1750000,3370000
2015-05-17 21:23:40.183000,1.14430,1.14420,1750000,3370000
2015-05-17 21:23:41.096000,1.14430,1.14420,1000000,3370000
2015-05-17 21:23:41.918000,1.14430,1.14420,1750000,3370000
2015-05-17 21:23:45.195000,1.14430,1.14420,1750000,3370000
2015-05-17 21:23:47.001000,1.14430,1.14420,1750000,3370000
2015-05-17 21:23:47.806000,1.14431,1.14425,1750000,1000000
2015-05-17 21:23:49.361000,1.14431,1.14425,1750000,1000000
2015-05-17 21:23:51.075000,1.14430,1.14424,1750000,1000000
2015-05-17 21:23:51.627000,1.14431,1.14425,1750000,1000000
2015-05-17 21:23:58.091000,1.14431,1.14425,1750000,1120000
2015-05-17 21:23:58.756000,1.14431,1.14425,1750000,1120000
2015-05-17 21:23:59.747000,1.14430,1.14424,1750000,1120000
2015-05-17 21:24:01.113000,1.14431,1.14425,1750000,1120000
2015-05-17 21:24:01.752000,1.14431,1.14425,1750000,1120000
2015-05-17 21:24:11.095000,1.14431,1.14425,1750000,1120000
2015-05-17 21:24:12.086000,1.14430,1.14425,1750000,1120000
2015-05-17 21:24:15.403000,1.14431,1.14425,750000,1120000
2015-05-17 21:24:15.454000,1.14442,1.14425,1000000,1120000
2015-05-17 21:24:29.638000,1.14442,1.14424,1000000,1120000
2015-05-17 21:24:30.628000,1.14442,1.14425,1000000,1120000
2015-05-17 21:24:33.027000,1.14442,1.14424,1000000,1120000
2015-05-17 21:24:34.150000,1.14442,1.14425,1000000,1120000
2015-05-17 21:24:36.355000,1.14442,1.14424,1000000,1120000
2015-05-17 21:24:37.263000,1.14442,1.14425,1000000,1120000
2015-05-17 21:24:47.084000,1.14430,1.14424,1750000,1120000
2015-05-17 21:24:48.584000,1.14431,1.14425,1750000,1120000
2015-05-17 21:24:53.124000,1.14430,1.14424,1750000,1120000
2015-05-17 21:24:54.338000,1.14431,1.14425,1750000,1120000
2015-05-17 21:24:54.898000,1.14430,1.14424,1750000,1120000
2015-05-17 21:24:55.558000,1.14431,1.14425,1750000,1120000
2015-05-17 21:24:56.616000,1.14442,1.14425,1000000,1120000
2015-05-17 21:25:02.268000,1.14444,1.14423,1000000,1000000
2015-05-17 21:25:02.319000,1.14430,1.14423,750000,1000000
2015-05-17 21:25:28.675000,1.14430,1.14421,1500000,1370000
2015-05-17 21:25:32.391000,1.14430,1.14421,1500000,1370000
2015-05-17 21:25:33.187000,1.14430,1.14421,1500000,1370000
2015-05-17 21:25:52.151000,1.14430,1.14422,1500000,1370000
2015-05-17 21:25:52.464000,1.14431,1.14422,1500000,1750000
2015-05-17 21:25:53.022000,1.14431,1.14422,1500000,1750000
2015-05-17 21:25:53.567000,1.14431,1.14422,1500000,1750000
2015-05-17 21:25:55.522000,1.14431,1.14422,1500000,1750000
2015-05-17 21:25:56.094000,1.14431,1.14422,1500000,1750000
2015-05-17 21:26:27.851000,1.14431,1.14424,1750000,1500000
2015-05-17 21:26:28.393000,1.14431,1.14425,1500000,1120000
2015-05-17 21:26:33.375000,1.14431,1.14424,1500000,1500000
2015-05-17 21:26:33.990000,1.14431,1.14425,1500000,1120000
2015-05-17 21:26:38.585000,1.14431,1.14425,1500000,1120000
2015-05-17 21:26:39.187000,1.14431,1.14424,1750000,1500000
2015-05-17 21:26:39.739000,1.14431,1.14424,1500000,1500000
2015-05-17 21:26:40.262000,1.14431,1.14424,1500000,1500000
2015-05-17 21:26:56.422000,1.14432,1.14425,1500000,1500000
2015-05-17 21:26:57.124000,1.14432,1.14424,1500000,1500000
2015-05-17 21:27:10.168000,1.14431,1.14424,1500000,1500000
2015-05-17 21:27:10.677000,1.14431,1.14424,1500000,1500000
2015-05-17 21:27:21.206000,1.14431,1.14424,1500000,1500000
2015-05-17 21:27:21.900000,1.14431,1.14424,1750000,1500000
2015-05-17 21:27:28.606000,1.14431,1.14422,1500000,3000000
2015-05-17 21:27:29.136000,1.14431,1.14422,1750000,3000000
2015-05-17 21:27:32.050000,1.14431,1.14422,1500000,3000000
2015-05-17 21:27:32.663000,1.14431,1.14422,1500000,3000000
2015-05-17 21:27:35.363000,1.14431,1.14422,1500000,3000000
2015-05-17 21:27:35.964000,1.14431,1.14422,1750000,3000000
2015-05-17 21:27:36.227000,1.14431,1.14422,1500000,2620000
2015-05-17 21:27:36.328000,1.14443,1.14422,1000000,2620000
2015-05-17 21:27:38.719000,1.14443,1.14424,1000000,1500000
2015-05-17 21:27:38.971000,1.14445,1.14424,1120000,1500000
2015-05-17 21:27:39.637000,1.14446,1.14424,1000000,1500000
2015-05-17 21:27:41.756000,1.14431,1.14424,1500000,1500000
2015-05-17 21:28:00.800000,1.14431,1.14424,1500000,1500000
2015-05-17 21:28:01.692000,1.14430,1.14424,1750000,1500000
2015-05-17 21:28:20.073000,1.14430,1.14423,1500000,1870000
2015-05-17 21:28:29.889000,1.14430,1.14423,1500000,1870000
2015-05-17 21:28:30.586000,1.14430,1.14423,1500000,1870000
2015-05-17 21:28:53.849000,1.14430,1.14423,1500000,1870000
2015-05-17 21:28:54.351000,1.14430,1.14423,1750000,1870000
2015-05-17 21:29:03.480000,1.14442,1.14423,1000000,1870000
2015-05-17 21:30:00.131000,1.14442,1.14420,1000000,3750000
2015-05-17 21:30:25.822000,1.14443,1.14423,1000000,1500000
2015-05-17 21:30:30.125000,1.14443,1.14423,1000000,1500000
2015-05-17 21:31:06.636000,1.14443,1.14422,1000000,2250000
2015-05-17 21:31:20.477000,1.14444,1.14424,2250000,1870000
2015-05-17 21:31:28.002000,1.14444,1.14423,2250000,1870000
2015-05-17 21:31:47.467000,1.14443,1.14423,1000000,1870000
2015-05-17 21:31:55.059000,1.14443,1.14423,1000000,1870000
2015-05-17 21:32:45.614000,1.14442,1.14421,1000000,1870000
2015-05-17 21:32:49.967000,1.14442,1.14430,1000000,1000000
2015-05-17 21:33:10.038000,1.14442,1.14433,1000000,1000000
2015-05-17 21:33:10.505000,1.14442,1.14430,1000000,1000000
2015-05-17 21:33:25.543000,1.14443,1.14430,1000000,1500000
2015-05-17 21:33:26.073000,1.14443,1.14429,1000000,1500000
2015-05-17 21:33:26.535000,1.14441,1.14429,1000000,1500000
2015-05-17 21:33:27.247000,1.14441,1.14430,1000000,1500000
2015-05-17 21:33:40.254000,1.14441,1.14430,1500000,1500000
2015-05-17 21:33:43.695000,1.14441,1.14432,1500000,1000000
2015-05-17 21:33:45.580000,1.14441,1.14431,1500000,1000000
2015-05-17 21:33:46.813000,1.14441,1.14432,1500000,1000000
2015-05-17 21:34:02.696000,1.14441,1.14431,1500000,1000000
2015-05-17 21:34:03.328000,1.14441,1.14432,1500000,1000000
2015-05-17 21:34:14.141000,1.14441,1.14431,1500000,1000000
2015-05-17 21:34:14.559000,1.14441,1.14433,1500000,1000000
2015-05-17 21:34:18.161000,1.14441,1.14432,1500000,1000000
2015-05-17 21:34:18.662000,1.14441,1.14433,1500000,1000000
2015-05-17 21:34:20.030000,1.14441,1.14432,1500000,1000000
2015-05-17 21:34:20.550000,1.14441,1.14433,1500000,1000000
2015-05-17 21:34:23.785000,1.14441,1.14432,1500000,1000000
2015-05-17 21:34:24.336000,1.14441,1.14433,1500000,1000000
2015-05-17 21:34:24.880000,1.14441,1.14432,1500000,1000000
2015-05-17 21:34:25.451000,1.14441,1.14433,1500000,1000000
2015-05-17 21:34:30.612000,1.14441,1.14432,1500000,1000000
2015-05-17 21:34:31.363000,1.14441,1.14433,1500000,1000000
2015-05-17 21:34:33.318000,1.14441,1.14432,1500000,1000000
2015-05-17 21:34:34.222000,1.14441,1.14433,1500000,1000000
2015-05-17 21:34:38.335000,1.14441,1.14432,1500000,1000000
2015-05-17 21:34:38.837000,1.14441,1.14433,1500000,1000000
2015-05-17 21:34:40.305000,1.14441,1.14433,1000000,1000000
2015-05-17 21:34:43.150000,1.14441,1.14432,1000000,1000000
2015-05-17 21:34:43.951000,1.14441,1.14433,1000000,1000000
2015-05-17 21:34:46.954000,1.14441,1.14434,1000000,1000000
2015-05-17 21:34:47.611000,1.14441,1.14433,1000000,1000000
2015-05-17 21:34:52.968000,1.14441,1.14432,1000000,1000000
2015-05-17 21:34:53.509000,1.14441,1.14433,1000000,1000000
2015-05-17 21:34:57.069000,1.14441,1.14432,1000000,1000000
2015-05-17 21:34:57.689000,1.14441,1.14433,1000000,1000000
2015-05-17 21:34:59.281000,1.14441,1.14432,1000000,1000000
2015-05-17 21:35:00.100000,1.14441,1.14433,1000000,1000000
2015-05-17 21:35:04.126000,1.14441,1.14432,1000000,1000000
2015-05-17 21:35:04.715000,1.14441,1.14433,1000000,1000000
2015-05-17 21:35:13.314000,1.14441,1.14432,1000000,1000000
2015-05-17 21:35:13.865000,1.14441,1.14433,1000000,1000000
2015-05-17 21:35:21.168000,1.14441,1.14432,1000000,1000000
2015-05-17 21:35:21.899000,1.14441,1.14433,1000000,1000000
2015-05-17 21:35:23.158000,1.14441,1.14432,1000000,1000000
2015-05-17 21:35:24.964000,1.14441,1.14433,1000000,1000000
2015-05-17 21:35:26.771000,1.14441,1.14432,1000000,1000000
2015-05-17 21:35:27.223000,1.14441,1.14432,1370000,1000000
2015-05-17 21:35:27.841000,1.14441,1.14433,1370000,1000000
2015-05-17 21:35:37.453000,1.14441,1.14432,1370000,1000000
2015-05-17 21:35:38.354000,1.14441,1.14433,1370000,1000000
2015-05-17 21:35:39.162000,1.14441,1.14432,1370000,1000000
2015-05-17 21:35:40.269000,1.14441,1.14433,1370000,1000000
2015-05-17 21:35:45.970000,1.14441,1.14432,1370000,1000000
2015-05-17 21:35:47.097000,1.14441,1.14433,1370000,1000000
2015-05-17 21:35:55.411000,1.14441,1.14432,1370000,1000000
2015-05-17 21:35:56.052000,1.14441,1.14433,1370000,1000000
2015-05-17 21:35:57.320000,1.14441,1.14432,1370000,1000000
2015-05-17 21:35:57.839000,1.14441,1.14433,1370000,1000000
2015-05-17 21:36:01.853000,1.14441,1.14435,1370000,1000000
2015-05-17 21:36:14.768000,1.14442,1.14435,1120000,1000000
2015-05-17 21:36:26.803000,1.14442,1.14434,1000000,1000000
2015-05-17 21:36:29.891000,1.14442,1.14433,1000000,1000000
2015-05-17 21:36:30.517000,1.14442,1.14434,1000000,1000000
2015-05-17 21:36:34.145000,1.14442,1.14435,1000000,1000000
2015-05-17 21:36:34.768000,1.14442,1.14434,1000000,1000000
2015-05-17 21:36:34.975000,1.14442,1.14434,1220000,1000000
2015-05-17 21:36:35.648000,1.14442,1.14433,1220000,1000000
2015-05-17 21:36:36.230000,1.14442,1.14434,1220000,1000000
2015-05-17 21:36:38.242000,1.14442,1.14433,1220000,1000000
2015-05-17 21:36:39.026000,1.14442,1.14434,1220000,1000000
2015-05-17 21:36:47.669000,1.14442,1.14433,1220000,1000000
2015-05-17 21:36:48.973000,1.14442,1.14434,1220000,1000000
2015-05-17 21:37:01.193000,1.14441,1.14433,1220000,1000000
2015-05-17 21:37:02.599000,1.14441,1.14434,1220000,1000000
2015-05-17 21:37:03.200000,1.14441,1.14433,1220000,1000000
2015-05-17 21:37:04.098000,1.14441,1.14434,1220000,1000000
2015-05-17 21:37:08.310000,1.14441,1.14433,1220000,1000000
2015-05-17 21:37:08.824000,1.14441,1.14434,1220000,1000000
2015-05-17 21:37:10.213000,1.14441,1.14433,1220000,1000000
2015-05-17 21:37:10.840000,1.14441,1.14434,1220000,1000000
2015-05-17 21:37:11.499000,1.14441,1.14433,1220000,1000000
2015-05-17 21:37:12.117000,1.14441,1.14434,1220000,1000000
2015-05-17 21:37:17.849000,1.14441,1.14433,1220000,1000000
2015-05-17 21:37:18.431000,1.14441,1.14434,1220000,1000000
2015-05-17 21:37:19.059000,1.14441,1.14433,1220000,1000000
2015-05-17 21:37:19.634000,1.14441,1.14434,1220000,1000000
2015-05-17 21:37:23.163000,1.14432,1.14429,1870000,1500000
2015-05-17 21:37:23.315000,1.14430,1.14420,2620000,1000000
2015-05-17 21:37:23.366000,1.14422,1.14417,1000000,1000000
2015-05-17 21:37:23.467000,1.14422,1.14415,1000000,1000000
2015-05-17 21:37:23.518000,1.14422,1.14413,1000000,1000000
2015-05-17 21:37:23.568000,1.14424,1.14421,1000000,1000000
2015-05-17 21:37:23.670000,1.14433,1.14424,1000000,1000000
2015-05-17 21:37:23.774000,1.14435,1.14423,1000000,1000000
2015-05-17 21:37:23.976000,1.14435,1.14420,1500000,1000000
2015-05-17 21:37:24.027000,1.14435,1.14417,2250000,1000000
2015-05-17 21:37:24.486000,1.14435,1.14419,1720000,1000000
2015-05-17 21:37:24.587000,1.14435,1.14419,2250000,1000000
2015-05-17 21:37:25.414000,1.14435,1.14418,2250000,1000000
2015-05-17 21:37:25.938000,1.14435,1.14420,2250000,1000000
2015-05-17 21:37:26.321000,1.14435,1.14422,2250000,1000000
2015-05-17 21:37:31.921000,1.14433,1.14421,1500000,1000000
2015-05-17 21:37:32.839000,1.14433,1.14422,1500000,1000000
2015-05-17 21:37:33.057000,1.14435,1.14422,1500000,1000000
2015-05-17 21:37:33.107000,1.14433,1.14422,1000000,1000000
2015-05-17 21:37:33.158000,1.14433,1.14420,1500000,1500000
2015-05-17 21:37:33.437000,1.14435,1.14423,1870000,1000000
2015-05-17 21:37:33.745000,1.14433,1.14421,1500000,1000000
2015-05-17 21:37:35.651000,1.14433,1.14420,1500000,1500000
2015-05-17 21:37:36.246000,1.14433,1.14421,1500000,1000000
2015-05-17 21:37:37.292000,1.14433,1.14420,1500000,1500000
2015-05-17 21:37:38.708000,1.14433,1.14419,1500000,1500000
2015-05-17 21:37:39.209000,1.14433,1.14420,1500000,1500000
2015-05-17 21:37:49.155000,1.14431,1.14420,1500000,1500000
2015-05-17 21:37:49.659000,1.14431,1.14419,1500000,1500000
2015-05-17 21:37:50.164000,1.14431,1.14420,1500000,1500000
2015-05-17 21:38:09.677000,1.14433,1.14420,1800000,1000000
2015-05-17 21:38:09.829000,1.14435,1.14421,1000000,1000000
2015-05-17 21:38:09.930000,1.14435,1.14423,1000000,1000000
2015-05-17 21:38:10.578000,1.14435,1.14422,1000000,1000000
2015-05-17 21:38:11.298000,1.14435,1.14423,1000000,1000000
2015-05-17 21:38:11.833000,1.14435,1.14422,1000000,1000000
2015-05-17 21:38:12.491000,1.14435,1.14423,1000000,1000000
2015-05-17 21:38:13.636000,1.14435,1.14422,1000000,1000000
2015-05-17 21:38:14.221000,1.14435,1.14423,1000000,1000000
2015-05-17 21:38:15.605000,1.14435,1.14422,1000000,1000000
2015-05-17 21:38:16.140000,1.14435,1.14423,1000000,1000000
2015-05-17 21:38:22.032000,1.14435,1.14422,1000000,1000000
2015-05-17 21:38:22.700000,1.14435,1.14423,1000000,1000000
2015-05-17 21:38:28.973000,1.14435,1.14422,1000000,1000000
2015-05-17 21:38:29.666000,1.14435,1.14423,1000000,1000000
2015-05-17 21:38:31.577000,1.14435,1.14422,1000000,1000000
2015-05-17 21:38:32.091000,1.14435,1.14423,1000000,1000000
2015-05-17 21:38:40.091000,1.14435,1.14422,1000000,1000000
2015-05-17 21:38:41.129000,1.14435,1.14423,1000000,1000000
2015-05-17 21:38:48.127000,1.14435,1.14422,1000000,1000000
2015-05-17 21:38:48.628000,1.14435,1.14423,1000000,1000000
2015-05-17 21:38:56.086000,1.14435,1.14422,1000000,1000000
2015-05-17 21:38:56.894000,1.14435,1.14423,1000000,1000000
2015-05-17 21:39:07.634000,1.14435,1.14422,1000000,1000000
2015-05-17 21:39:08.135000,1.14435,1.14423,1000000,1000000
2015-05-17 21:39:09.494000,1.14435,1.14422,1000000,1000000
2015-05-17 21:39:10.088000,1.14435,1.14423,1000000,1000000
2015-05-17 21:39:15.411000,1.14435,1.14424,1000000,1000000
2015-05-17 21:39:16.139000,1.14435,1.14423,1000000,1000000
2015-05-17 21:39:16.705000,1.14435,1.14424,1000000,1000000
2015-05-17 21:39:20.987000,1.14435,1.14423,1000000,1000000
2015-05-17 21:39:21.528000,1.14435,1.14424,1000000,1000000
2015-05-17 21:39:28.101000,1.14435,1.14423,1000000,1000000
2015-05-17 21:39:28.723000,1.14435,1.14424,1000000,1000000
2015-05-17 21:39:30.304000,1.14435,1.14423,1000000,1000000
2015-05-17 21:39:30.865000,1.14435,1.14424,1000000,1000000
2015-05-17 21:39:32.601000,1.14435,1.14423,1000000,1000000
2015-05-17 21:39:33.805000,1.14435,1.14424,1000000,1000000
2015-05-17 21:39:34.378000,1.14435,1.14423,1000000,1000000
2015-05-17 21:39:34.903000,1.14435,1.14424,1000000,1000000
2015-05-17 21:39:36.314000,1.14435,1.14423,1000000,1000000
2015-05-17 21:39:37.318000,1.14435,1.14424,1000000,1000000
2015-05-17 21:39:46.065000,1.14435,1.14423,1000000,1000000
2015-05-17 21:39:46.869000,1.14435,1.14424,1000000,1000000
2015-05-17 21:39:52.938000,1.14435,1.14423,1000000,1000000
2015-05-17 21:39:53.675000,1.14435,1.14424,1000000,1000000
2015-05-17 21:39:58.536000,1.14435,1.14423,1000000,1000000
2015-05-17 21:39:59.465000,1.14435,1.14424,1000000,1000000
2015-05-17 21:40:00.043000,1.14435,1.14423,1000000,1000000
2015-05-17 21:40:00.974000,1.14435,1.14424,1000000,1000000
2015-05-17 21:40:01.607000,1.14435,1.14423,1000000,1000000
2015-05-17 21:40:02.112000,1.14435,1.14424,1000000,1000000
2015-05-17 21:40:04.175000,1.14435,1.14423,1000000,1000000
2015-05-17 21:40:04.782000,1.14435,1.14424,1000000,1000000
2015-05-17 21:40:06.187000,1.14435,1.14423,1000000,1000000
2015-05-17 21:40:06.770000,1.14435,1.14424,1000000,1000000
2015-05-17 21:40:14.386000,1.14435,1.14423,1000000,1000000
2015-05-17 21:40:15.146000,1.14435,1.14424,1000000,1000000
2015-05-17 21:40:22.103000,1.14435,1.14423,1000000,1000000
2015-05-17 21:40:22.710000,1.14435,1.14424,1000000,1000000
2015-05-17 21:40:31.145000,1.14435,1.14423,1000000,1000000
2015-05-17 21:40:31.669000,1.14435,1.14424,1000000,1000000
2015-05-17 21:40:40.112000,1.14435,1.14423,1000000,1000000
2015-05-17 21:40:40.706000,1.14435,1.14424,1000000,1000000
2015-05-17 21:40:45.737000,1.14435,1.14423,1000000,1000000
2015-05-17 21:40:46.288000,1.14435,1.14424,1000000,1000000
2015-05-17 21:40:47.569000,1.14435,1.14423,1000000,1000000
2015-05-17 21:40:48.070000,1.14435,1.14424,1000000,1000000
2015-05-17 21:40:49.574000,1.14435,1.14423,1000000,1000000
2015-05-17 21:40:50.075000,1.14435,1.14424,1000000,1000000
2015-05-17 21:40:53.683000,1.14435,1.14423,1000000,1000000
2015-05-17 21:40:57.369000,1.14435,1.14422,2250000,1000000
2015-05-17 21:40:58.040000,1.14435,1.14423,2250000,1000000
2015-05-17 21:40:58.893000,1.14435,1.14422,2250000,1000000
2015-05-17 21:40:59.396000,1.14435,1.14423,2250000,1000000
2015-05-17 21:40:59.954000,1.14435,1.14422,2250000,1000000
2015-05-17 21:41:00.468000,1.14435,1.14421,2250000,1000000
2015-05-17 21:41:02.098000,1.14435,1.14422,2250000,1000000
2015-05-17 21:41:10.775000,1.14433,1.14420,1000000,1000000
2015-05-17 21:41:11.334000,1.14433,1.14419,1500000,1000000
2015-05-17 21:41:12.843000,1.14433,1.14420,1500000,1000000
2015-05-17 21:41:12.894000,1.14435,1.14420,2250000,1500000
2015-05-17 21:41:12.945000,1.14435,1.14422,2250000,1000000
2015-05-17 21:41:22.137000,1.14435,1.14421,2250000,1000000
2015-05-17 21:41:22.688000,1.14435,1.14422,2250000,1000000
2015-05-17 21:41:24.141000,1.14435,1.14421,2250000,1000000
2015-05-17 21:41:24.691000,1.14435,1.14422,2250000,1000000
2015-05-17 21:41:33.016000,1.14434,1.14422,1000000,1000000
2015-05-17 21:41:43.444000,1.14434,1.14421,1500000,1000000
2015-05-17 21:41:44.865000,1.14434,1.14422,1500000,1000000
2015-05-17 21:41:47.110000,1.14434,1.14421,1500000,1000000
2015-05-17 21:41:48.717000,1.14434,1.14422,1500000,1000000
2015-05-17 21:41:50.045000,1.14436,1.14422,1000000,1000000
2015-05-17 21:41:53.887000,1.14436,1.14421,1000000,1000000
2015-05-17 21:41:54.389000,1.14436,1.14422,1000000,1000000
2015-05-17 21:41:55.849000,1.14436,1.14421,1000000,1000000
2015-05-17 21:41:56.358000,1.14436,1.14422,1000000,1000000
2015-05-17 21:41:57.555000,1.14436,1.14421,1000000,1000000
2015-05-17 21:41:58.060000,1.14436,1.14422,1000000,1000000
2015-05-17 21:41:59.611000,1.14436,1.14421,1000000,1000000
2015-05-17 21:42:00.112000,1.14436,1.14422,1000000,1000000
2015-05-17 21:42:02.725000,1.14435,1.14422,1370000,1000000
2015-05-17 21:42:03.068000,1.14434,1.14420,2550000,1000000
2015-05-17 21:42:04.001000,1.14434,1.14421,1500000,1000000
2015-05-17 21:42:04.509000,1.14434,1.14420,1500000,1500000
2015-05-17 21:42:13.977000,1.14436,1.14422,1650000,1000000
2015-05-17 21:42:18.503000,1.14436,1.14421,1650000,1000000
2015-05-17 21:42:19.708000,1.14436,1.14422,1650000,1000000
2015-05-17 21:42:30.064000,1.14436,1.14421,1650000,1000000
2015-05-17 21:42:31.150000,1.14436,1.14422,1650000,1000000
2015-05-17 21:42:42.212000,1.14435,1.14421,1650000,1000000
2015-05-17 21:42:49.813000,1.14435,1.14420,1650000,1500000
2015-05-17 21:42:50.716000,1.14435,1.14421,1650000,1000000
2015-05-17 21:42:58.068000,1.14438,1.14425,1300000,1000000
2015-05-17 21:42:59.102000,1.14438,1.14427,1300000,1000000
2015-05-17 21:43:02.497000,1.14441,1.14416,2100000,2250000
2015-05-17 21:43:27.537000,1.14442,1.14419,2400000,1120000
2015-05-17 21:43:28.086000,1.14439,1.14423,1000000,1120000
2015-05-17 21:43:28.661000,1.14442,1.14423,1000000,1120000
2015-05-17 21:43:55.141000,1.14440,1.14423,1000000,1120000
2015-05-17 21:43:56.506000,1.14440,1.14426,1000000,1000000
2015-05-17 21:44:01.614000,1.14440,1.14425,1000000,1000000
2015-05-17 21:44:02.183000,1.14440,1.14424,1000000,1500000
2015-05-17 21:44:06.634000,1.14440,1.14423,1000000,1120000
2015-05-17 21:44:27.596000,1.14440,1.14422,1000000,1500000
2015-05-17 21:44:28.804000,1.14442,1.14422,1000000,1500000
2015-05-17 21:44:28.855000,1.14442,1.14422,1000000,4120000
2015-05-17 21:44:32.924000,1.14445,1.14425,1200000,1120000
2015-05-17 21:44:37.108000,1.14444,1.14425,1000000,1500000
2015-05-17 21:47:40.095000,1.14445,1.14424,1500000,1370000
2015-05-17 21:47:54.992000,1.14445,1.14424,1500000,1370000
2015-05-17 21:48:07.672000,1.14430,1.14424,1870000,1370000
2015-05-17 21:48:07.773000,1.14422,1.14418,1500000,1120000
2015-05-17 21:48:08.281000,1.14423,1.14418,1000000,1000000
2015-05-17 21:48:08.383000,1.14433,1.14428,1500000,1500000
2015-05-17 21:48:08.552000,1.14437,1.14420,1000000,1000000
2015-05-17 21:48:08.603000,1.14442,1.14420,1870000,1000000
2015-05-17 21:48:08.654000,1.14440,1.14432,1120000,750000
2015-05-17 21:48:08.756000,1.14443,1.14420,1500000,1000000
2015-05-17 21:48:08.807000,1.14440,1.14420,1000000,1000000
2015-05-17 21:49:41.628000,1.14440,1.14425,1000000,1000000
2015-05-17 21:49:42.064000,1.14442,1.14428,1120000,1000000
2015-05-17 21:49:49.299000,1.14442,1.14427,1120000,1000000
2015-05-17 21:49:49.898000,1.14442,1.14428,1120000,1000000
2015-05-17 21:49:53.010000,1.14444,1.14427,1870000,1000000
2015-05-17 21:49:54.382000,1.14444,1.14428,1870000,1000000
2015-05-17 21:49:55.001000,1.14444,1.14427,1870000,1000000
2015-05-17 21:49:55.691000,1.14444,1.14428,1870000,1000000
2015-05-17 21:49:56.309000,1.14444,1.14427,1870000,1000000
2015-05-17 21:49:56.843000,1.14444,1.14428,1870000,1000000
2015-05-17 21:49:57.721000,1.14444,1.14427,1870000,1000000
2015-05-17 21:49:58.226000,1.14444,1.14428,1870000,1000000
2015-05-17 21:50:04.249000,1.14444,1.14427,1870000,1000000
2015-05-17 21:50:04.821000,1.14444,1.14428,1870000,1000000
2015-05-17 21:50:09.770000,1.14444,1.14427,1870000,1000000
2015-05-17 21:50:11.561000,1.14444,1.14428,1870000,1000000
2015-05-17 21:50:12.106000,1.14444,1.14427,1870000,1000000
2015-05-17 21:50:12.676000,1.14444,1.14428,1870000,1000000
2015-05-17 21:50:22.601000,1.14444,1.14427,1870000,1000000
2015-05-17 21:50:23.322000,1.14444,1.14428,1870000,1000000
2015-05-17 21:50:52.635000,1.14444,1.14427,1500000,1000000
2015-05-17 21:50:53.420000,1.14444,1.14428,1500000,1000000
2015-05-17 21:50:58.653000,1.14444,1.14427,1500000,1000000
2015-05-17 21:50:59.312000,1.14444,1.14428,1500000,1000000
2015-05-17 21:51:02.963000,1.14444,1.14427,1500000,1000000
2015-05-17 21:51:03.500000,1.14444,1.14428,1500000,1000000
2015-05-17 21:51:07.828000,1.14444,1.14427,1500000,1000000
2015-05-17 21:51:08.510000,1.14444,1.14428,1500000,1000000
2015-05-17 21:51:10.375000,1.14444,1.14427,1500000,1000000
2015-05-17 21:51:10.963000,1.14444,1.14428,1500000,1000000
2015-05-17 21:51:11.526000,1.14444,1.14427,1500000,1000000
2015-05-17 21:51:12.186000,1.14444,1.14428,1500000,1000000
2015-05-17 21:51:14.217000,1.14444,1.14427,1500000,1000000
2015-05-17 21:51:14.823000,1.14444,1.14428,1500000,1000000
2015-05-17 21:51:18.632000,1.14444,1.14427,1500000,1000000
2015-05-17 21:51:19.134000,1.14444,1.14428,1500000,1000000
2015-05-17 21:51:21.230000,1.14444,1.14427,1500000,1000000
2015-05-17 21:51:21.739000,1.14444,1.14428,1500000,1000000
2015-05-17 21:51:24.571000,1.14444,1.14428,1500000,1000000
2015-05-17 21:51:24.622000,1.14444,1.14435,1500000,1000000
2015-05-17 21:51:24.723000,1.14444,1.14428,1000000,1000000
2015-05-17 21:51:24.774000,1.14445,1.14431,1500000,1000000
2015-05-17 21:51:25.325000,1.14446,1.14431,1000000,1000000
2015-05-17 21:51:26.561000,1.14446,1.14438,1000000,1000000
2015-05-17 21:51:27.211000,1.14447,1.14439,1120000,1000000
2015-05-17 21:51:40.776000,1.14448,1.14439,3000000,1500000
2015-05-17 21:51:41.644000,1.14448,1.14439,3750000,1000000
2015-05-17 21:51:42.681000,1.14448,1.14439,3000000,1500000
2015-05-17 21:51:43.182000,1.14448,1.14439,3000000,1000000
2015-05-17 21:51:48.382000,1.14448,1.14439,3000000,1500000
2015-05-17 21:51:48.959000,1.14448,1.14439,3750000,1500000
2015-05-17 21:51:52.249000,1.14448,1.14439,3000000,1500000
2015-05-17 21:51:52.776000,1.14448,1.14439,3750000,1500000
2015-05-17 21:52:06.425000,1.14448,1.14439,3000000,1500000
2015-05-17 21:52:07.035000,1.14448,1.14439,3750000,1500000
2015-05-17 21:52:07.697000,1.14448,1.14439,3000000,1500000
2015-05-17 21:52:08.325000,1.14448,1.14439,3750000,1500000
2015-05-17 21:52:16.645000,1.14446,1.14431,1000000,1000000
2015-05-17 21:52:19.165000,1.14446,1.14430,1000000,1000000
2015-05-17 21:52:19.751000,1.14446,1.14431,1500000,1000000
2015-05-17 21:52:24.699000,1.14446,1.14430,1000000,1000000
2015-05-17 21:52:25.201000,1.14446,1.14431,1500000,1000000
2015-05-17 21:52:26.080000,1.14446,1.14430,1000000,1000000
2015-05-17 21:52:26.624000,1.14446,1.14431,1500000,1000000
2015-05-17 21:52:27.607000,1.14446,1.14430,1000000,1000000
2015-05-17 21:52:27.758000,1.14446,1.14435,1000000,1000000
2015-05-17 21:52:28.087000,1.14446,1.14439,1000000,1000000
2015-05-17 21:52:29.210000,1.14447,1.14438,1000000,1000000
2015-05-17 21:52:29.759000,1.14446,1.14439,1000000,1000000
2015-05-17 21:52:30.330000,1.14447,1.14438,1000000,1000000
2015-05-17 21:52:30.919000,1.14446,1.14439,1000000,1000000
2015-05-17 21:52:32.723000,1.14447,1.14438,1000000,1000000
2015-05-17 21:52:33.277000,1.14446,1.14439,1000000,1000000
2015-05-17 21:52:35.741000,1.14446,1.14439,1000000,1000000
2015-05-17 21:52:35.869000,1.14448,1.14439,1120000,1500000
2015-05-17 21:52:39.561000,1.14448,1.14439,1120000,1500000
2015-05-17 21:52:40.096000,1.14448,1.14439,1120000,1000000
2015-05-17 21:52:55.701000,1.14448,1.14439,1120000,1000000
2015-05-17 21:52:57.783000,1.14448,1.14439,1120000,1000000
2015-05-17 21:52:59.478000,1.14448,1.14439,1120000,1000000
2015-05-17 21:53:01.421000,1.14448,1.14439,1120000,1500000
2015-05-17 21:53:02.202000,1.14448,1.14439,1120000,1000000
2015-05-17 21:53:10.948000,1.14450,1.14438,1370000,1500000
2015-05-17 21:53:10.999000,1.14443,1.14438,1870000,1500000
2015-05-17 21:53:47.764000,1.14440,1.14436,1120000,1000000
2015-05-17 21:53:51.569000,1.14440,1.14431,1120000,1000000
2015-05-17 21:54:16.203000,1.14440,1.14430,1120000,1000000
2015-05-17 21:54:17.604000,1.14440,1.14431,1120000,1000000
2015-05-17 21:54:23.335000,1.14441,1.14430,1370000,1000000
2015-05-17 21:54:23.838000,1.14440,1.14431,1120000,1000000
2015-05-17 21:54:40.858000,1.14440,1.14430,1120000,1000000
2015-05-17 21:54:41.362000,1.14440,1.14431,1120000,1000000
2015-05-17 21:54:41.863000,1.14441,1.14430,1370000,1000000
2015-05-17 21:54:42.667000,1.14441,1.14431,1370000,1000000
2015-05-17 21:54:44.174000,1.14440,1.14430,1120000,1000000
2015-05-17 21:54:44.677000,1.14440,1.14431,1120000,1000000
2015-05-17 21:54:52.366000,1.14440,1.14430,1120000,1000000
2015-05-17 21:54:52.913000,1.14440,1.14431,1120000,1000000
2015-05-17 21:54:57.890000,1.14440,1.14430,1120000,1000000
2015-05-17 21:54:59.864000,1.14440,1.14431,1120000,1000000
2015-05-17 21:55:00.404000,1.14440,1.14432,1120000,1000000
2015-05-17 21:55:01.007000,1.14440,1.14431,1120000,1000000
2015-05-17 21:55:04.118000,1.14440,1.14430,1120000,1000000
2015-05-17 21:55:04.798000,1.14440,1.14431,1120000,1000000
2015-05-17 21:55:15.003000,1.14440,1.14429,1120000,1000000
2015-05-17 21:55:16.947000,1.14440,1.14431,1120000,1000000
2015-05-17 21:55:19.370000,1.14440,1.14430,1120000,1000000
2015-05-17 21:55:20.955000,1.14440,1.14431,1120000,1000000
2015-05-17 21:55:21.672000,1.14440,1.14430,1120000,1000000
2015-05-17 21:55:22.574000,1.14440,1.14431,1120000,1000000
2015-05-17 21:55:30.605000,1.14440,1.14430,1120000,1000000
2015-05-17 21:55:31.158000,1.14441,1.14431,1370000,1000000
2015-05-17 21:55:32.514000,1.14440,1.14430,1120000,1000000
2015-05-17 21:55:33.017000,1.14440,1.14431,1120000,1000000
2015-05-17 21:55:33.794000,1.14446,1.14431,1000000,1000000
2015-05-17 21:55:35.028000,1.14446,1.14439,1000000,1000000
2015-05-17 21:55:36.786000,1.14448,1.14440,2250000,1000000
2015-05-17 21:55:38.845000,1.14448,1.14440,1500000,1500000
2015-05-17 21:55:39.485000,1.14448,1.14440,2250000,1000000
2015-05-17 21:55:40.049000,1.14448,1.14440,2250000,1000000
2015-05-17 21:55:46.973000,1.14448,1.14440,1500000,1750000
2015-05-17 21:55:47.575000,1.14448,1.14440,2250000,1000000
2015-05-17 21:55:49.589000,1.14448,1.14440,1500000,1750000
2015-05-17 21:55:50.989000,1.14448,1.14440,2250000,1000000
2015-05-17 21:55:51.517000,1.14448,1.14440,1500000,1750000
2015-05-17 21:55:52.196000,1.14448,1.14440,2250000,1000000
2015-05-17 21:55:57.010000,1.14448,1.14440,1500000,1750000
2015-05-17 21:55:57.677000,1.14448,1.14440,2250000,1000000
2015-05-17 21:56:01.068000,1.14448,1.14440,1500000,1750000
2015-05-17 21:56:02.869000,1.14448,1.14440,2250000,1000000
2015-05-17 21:56:06.659000,1.14448,1.14440,1500000,1750000
2015-05-17 21:56:07.215000,1.14448,1.14440,2250000,1000000
2015-05-17 21:56:09.250000,1.14447,1.14440,1000000,1000000
2015-05-17 21:56:12.405000,1.14447,1.14440,1000000,1750000
2015-05-17 21:56:12.937000,1.14447,1.14440,1000000,1000000
2015-05-17 21:56:18.051000,1.14447,1.14440,1000000,1000000
2015-05-17 21:56:19.062000,1.14447,1.14440,1000000,1000000
2015-05-17 21:56:24.962000,1.14447,1.14440,1000000,1750000
2015-05-17 21:56:25.643000,1.14447,1.14440,1000000,1000000
2015-05-17 21:56:33.182000,1.14447,1.14440,1000000,1750000
2015-05-17 21:56:33.748000,1.14447,1.14440,1000000,1000000
2015-05-17 21:56:46.475000,1.14447,1.14440,1000000,1750000
2015-05-17 21:56:47.001000,1.14447,1.14440,1000000,1000000
2015-05-17 21:56:52.296000,1.14447,1.14440,1000000,1000000
2015-05-17 21:56:53.022000,1.14447,1.14440,1000000,1000000
2015-05-17 21:56:55.021000,1.14447,1.14440,1000000,1750000
2015-05-17 21:56:55.613000,1.14447,1.14440,1000000,1500000
2015-05-17 21:56:57.872000,1.14444,1.14438,1000000,1500000
2015-05-17 21:56:57.922000,1.14444,1.14437,1000000,1000000
2015-05-17 21:56:58.444000,1.14444,1.14436,2250000,1000000
2015-05-17 21:56:59.421000,1.14444,1.14437,2250000,1000000
2015-05-17 21:57:08.066000,1.14444,1.14436,2250000,1000000
2015-05-17 21:57:08.799000,1.14444,1.14437,2250000,1000000
2015-05-17 21:57:14.293000,1.14444,1.14436,2250000,1000000
2015-05-17 21:57:14.846000,1.14444,1.14437,2250000,1000000
2015-05-17 21:57:31.709000,1.14444,1.14436,2250000,1000000
2015-05-17 21:57:32.211000,1.14444,1.14437,2250000,1000000
2015-05-17 21:57:37.434000,1.14444,1.14436,2250000,1000000
2015-05-17 21:57:38.062000,1.14443,1.14436,1000000,1000000
2015-05-17 21:57:48.485000,1.14443,1.14435,1000000,1500000
2015-05-17 21:57:48.988000,1.14443,1.14436,1000000,1000000
2015-05-17 21:57:52.106000,1.14443,1.14435,1000000,1000000
2015-05-17 21:57:53.095000,1.14443,1.14436,1000000,1000000
2015-05-17 21:58:00.123000,1.14443,1.14435,1000000,1500000
2015-05-17 21:58:00.693000,1.14443,1.14436,1000000,1000000
2015-05-17 21:58:09.658000,1.14443,1.14437,1000000,1000000
2015-05-17 21:58:09.763000,1.14447,1.14437,1370000,1000000
2015-05-17 21:58:10.384000,1.14447,1.14438,1370000,1000000
2015-05-17 21:58:13.479000,1.14447,1.14437,1370000,1000000
2015-05-17 21:58:14.090000,1.14447,1.14438,1370000,1000000
2015-05-17 21:58:15.496000,1.14447,1.14437,1370000,1000000
2015-05-17 21:58:16.014000,1.14447,1.14438,1120000,1000000
2015-05-17 21:58:20.087000,1.14445,1.14438,1500000,1000000
2015-05-17 21:58:22.930000,1.14445,1.14437,1500000,1000000
2015-05-17 21:58:23.533000,1.14445,1.14438,1500000,1000000
2015-05-17 21:58:28.042000,1.14445,1.14437,1500000,1000000
2015-05-17 21:58:28.605000,1.14445,1.14438,1500000,1000000
2015-05-17 21:58:29.651000,1.14445,1.14437,1500000,1000000
2015-05-17 21:58:30.261000,1.14445,1.14438,1500000,1000000
2015-05-17 21:58:45.604000,1.14445,1.14439,1500000,1000000
2015-05-17 21:58:45.705000,1.14445,1.14432,1000000,1500000
2015-05-17 21:58:45.756000,1.14447,1.14432,1870000,1500000
2015-05-17 21:59:40.661000,1.14447,1.14431,750000,1500000
2015-05-17 21:59:41.176000,1.14447,1.14432,750000,750000
2015-05-17 21:59:45.850000,1.14448,1.14432,970000,750000
2015-05-17 21:59:46.353000,1.14448,1.14431,970000,1500000
2015-05-17 21:59:46.919000,1.14448,1.14432,970000,750000
2015-05-17 21:59:47.579000,1.14447,1.14432,1120000,1500000
2015-05-17 22:00:00.216000,1.14443,1.14432,1500000,1500000
2015-05-17 22:00:00.522000,1.14438,1.14436,750000,750000
2015-05-17 22:00:00.573000,1.14438,1.14426,750000,1500000
2015-05-17 22:00:00.674000,1.14438,1.14435,750000,1500000
2015-05-17 22:00:00.876000,1.14439,1.14427,750000,750000
2015-05-17 22:00:01.129000,1.14441,1.14440,750000,750000
2015-05-17 22:00:01.180000,1.14446,1.14440,750000,1500000
2015-05-17 22:00:01.332000,1.14440,1.14439,750000,1500000
2015-05-17 22:00:01.867000,1.14441,1.14440,750000,1500000
2015-05-17 22:00:02.467000,1.14442,1.14441,750000,750000
2015-05-17 22:00:03.043000,1.14441,1.14440,750000,750000
2015-05-17 22:00:03.864000,1.14443,1.14440,750000,750000
2015-05-17 22:00:04.093000,1.14443,1.14442,750000,750000
2015-05-17 22:00:06.248000,1.14442,1.14441,750000,750000
2015-05-17 22:00:07.180000,1.14442,1.14437,1120000,750000
2015-05-17 22:00:07.282000,1.14442,1.14439,750000,750000
2015-05-17 22:00:07.853000,1.14441,1.14439,750000,750000
2015-05-17 22:00:11.171000,1.14438,1.14437,2850000,750000
2015-05-17 22:00:11.222000,1.14438,1.14432,2850000,750000
2015-05-17 22:00:11.424000,1.14441,1.14440,220000,1500000
2015-05-17 22:00:11.931000,1.14442,1.14441,750000,750000
2015-05-17 22:00:12.437000,1.14442,1.14433,750000,1500000
2015-05-17 22:00:12.539000,1.14440,1.14434,750000,1500000
2015-05-17 22:00:13.658000,1.14442,1.14434,750000,1500000
2015-05-17 22:00:14.164000,1.14442,1.14440,750000,750000
2015-05-17 22:00:15.980000,1.14438,1.14435,370000,1500000
2015-05-17 22:00:16.393000,1.14442,1.14441,370000,370000
2015-05-17 22:00:16.444000,1.14443,1.14442,750000,1120000
2015-05-17 22:00:16.744000,1.14443,1.14435,750000,750000
2015-05-17 22:00:16.846000,1.14443,1.14433,750000,1500000
2015-05-17 22:00:17.301000,1.14445,1.14444,750000,750000
2015-05-17 22:00:17.847000,1.14442,1.14441,750000,750000
2015-05-17 22:00:18.700000,1.14443,1.14442,1500000,750000
2015-05-17 22:00:19.204000,1.14442,1.14441,750000,750000
2015-05-17 22:00:19.910000,1.14443,1.14442,1500000,750000
2015-05-17 22:00:20.655000,1.14442,1.14441,370000,750000
2015-05-17 22:00:21.029000,1.14445,1.14441,750000,750000
2015-05-17 22:00:21.422000,1.14445,1.14444,750000,750000
2015-05-17 22:00:22.129000,1.14445,1.14443,750000,750000
2015-05-17 22:00:24.819000,1.14445,1.14442,750000,750000
2015-05-17 22:00:25.320000,1.14444,1.14443,370000,750000
2015-05-17 22:00:25.523000,1.14443,1.14441,370000,2700000
2015-05-17 22:00:25.644000,1.14446,1.14442,750000,2850000
2015-05-17 22:00:27.503000,1.14445,1.14442,750000,2470000
2015-05-17 22:00:29.058000,1.14445,1.14441,750000,4420000
2015-05-17 22:00:29.860000,1.14445,1.14442,750000,2400000
2015-05-17 22:00:31.784000,1.14445,1.14441,1120000,2320000
2015-05-17 22:00:32.370000,1.14445,1.14442,750000,2250000
2015-05-17 22:00:36.653000,1.14446,1.14442,750000,1800000
2015-05-17 22:00:37.189000,1.14447,1.14442,750000,1800000
2015-05-17 22:00:39.611000,1.14446,1.14442,750000,1800000
2015-05-17 22:00:40.147000,1.14445,1.14442,750000,1800000
2015-05-17 22:00:40.505000,1.14446,1.14435,750000,2770000
2015-05-17 22:00:41.072000,1.14445,1.14435,750000,750000
2015-05-17 22:00:41.694000,1.14445,1.14434,750000,2020000
2015-05-17 22:00:42.991000,1.14445,1.14435,750000,1500000
2015-05-17 22:00:45.642000,1.14444,1.14435,370000,1500000
2015-05-17 22:00:46.504000,1.14446,1.14435,750000,1500000
2015-05-17 22:00:52.361000,1.14445,1.14435,370000,1500000
2015-05-17 22:00:52.950000,1.14444,1.14435,1120000,1500000
2015-05-17 22:00:55.059000,1.14444,1.14434,1120000,1500000
2015-05-17 22:00:55.941000,1.14444,1.14442,1120000,750000
2015-05-17 22:00:56.631000,1.14444,1.14441,1500000,750000
2015-05-17 22:00:57.906000,1.14444,1.14442,1500000,750000
2015-05-17 22:00:58.415000,1.14444,1.14441,1500000,750000
2015-05-17 22:00:59.633000,1.14444,1.14440,750000,1500000
2015-05-17 22:01:00.161000,1.14444,1.14441,750000,750000
2015-05-17 22:01:00.668000,1.14444,1.14442,750000,750000
2015-05-17 22:01:01.609000,1.14445,1.14442,750000,750000
2015-05-17 22:01:01.660000,1.14445,1.14433,750000,2020000
2015-05-17 22:01:03.162000,1.14445,1.14436,750000,1500000
2015-05-17 22:01:03.213000,1.14447,1.14436,750000,750000
2015-05-17 22:01:03.264000,1.14447,1.14434,750000,1270000
2015-05-17 22:01:04.485000,1.14448,1.14433,2250000,2770000
2015-05-17 22:01:04.789000,1.14446,1.14434,370000,1500000
2015-05-17 22:01:05.140000,1.14446,1.14442,370000,370000
2015-05-17 22:01:05.191000,1.14448,1.14442,1120000,370000
2015-05-17 22:01:06.588000,1.14445,1.14442,750000,750000
2015-05-17 22:01:07.120000,1.14446,1.14442,750000,750000
2015-05-17 22:01:07.672000,1.14445,1.14442,750000,750000
2015-05-17 22:01:09.364000,1.14446,1.14442,750000,750000
2015-05-17 22:01:10.003000,1.14445,1.14442,750000,750000
2015-05-17 22:01:12.615000,1.14445,1.14438,750000,750000
2015-05-17 22:01:12.667000,1.14445,1.14435,750000,750000
2015-05-17 22:01:13.220000,1.14445,1.14434,750000,2770000
2015-05-17 22:01:14.621000,1.14445,1.14441,750000,370000
2015-05-17 22:01:14.737000,1.14445,1.14438,750000,1500000
2015-05-17 22:01:14.889000,1.14445,1.14436,750000,750000
2015-05-17 22:01:15.536000,1.14445,1.14435,750000,2020000
2015-05-17 22:01:16.037000,1.14445,1.14437,750000,750000
2015-05-17 22:01:16.342000,1.14445,1.14442,750000,370000
2015-05-17 22:01:18.901000,1.14446,1.14442,750000,820000
2015-05-17 22:01:19.637000,1.14445,1.14442,750000,820000
2015-05-17 22:01:21.321000,1.14446,1.14442,750000,370000
2015-05-17 22:01:21.857000,1.14445,1.14442,750000,370000
2015-05-17 22:01:22.590000,1.14446,1.14442,750000,370000
2015-05-17 22:01:23.094000,1.14445,1.14442,750000,370000
2015-05-17 22:01:24.733000,1.14446,1.14442,750000,370000
2015-05-17 22:01:25.282000,1.14445,1.14442,750000,370000
2015-05-17 22:01:31.579000,1.14446,1.14442,750000,370000
2015-05-17 22:01:32.213000,1.14445,1.14442,750000,370000
2015-05-17 22:01:38.420000,1.14445,1.14437,750000,750000
2015-05-17 22:01:38.949000,1.14445,1.14436,750000,1500000
2015-05-17 22:01:40.937000,1.14446,1.14436,750000,1500000
2015-05-17 22:01:41.459000,1.14446,1.14435,750000,1500000
2015-05-17 22:01:41.967000,1.14445,1.14435,750000,1500000
2015-05-17 22:01:42.427000,1.14445,1.14437,750000,750000
2015-05-17 22:01:42.743000,1.14445,1.14442,750000,370000
2015-05-17 22:01:45.259000,1.14446,1.14442,750000,370000
2015-05-17 22:01:45.761000,1.14445,1.14442,750000,370000
2015-05-17 22:01:46.277000,1.14446,1.14442,750000,370000
2015-05-17 22:01:46.812000,1.14445,1.14442,750000,370000
2015-05-17 22:01:47.789000,1.14446,1.14442,750000,370000
2015-05-17 22:01:48.295000,1.14445,1.14442,750000,370000
2015-05-17 22:01:49.601000,1.14446,1.14442,750000,370000
2015-05-17 22:01:50.109000,1.14445,1.14442,750000,370000
2015-05-17 22:01:50.630000,1.14446,1.14442,750000,370000
2015-05-17 22:01:51.150000,1.14445,1.14442,750000,370000
2015-05-17 22:02:00.871000,1.14446,1.14442,750000,370000
2015-05-17 22:02:01.176000,1.14441,1.14440,750000,750000
2015-05-17 22:02:13.575000,1.14443,1.14440,750000,1500000
2015-05-17 22:02:13.677000,1.14445,1.14432,750000,2020000
2015-05-17 22:02:13.880000,1.14445,1.14434,750000,750000
2015-05-17 22:02:14.432000,1.14445,1.14433,750000,2250000
2015-05-17 22:02:14.961000,1.14445,1.14434,750000,750000
2015-05-17 22:02:15.926000,1.14445,1.14433,750000,2250000
2015-05-17 22:02:16.897000,1.14445,1.14434,750000,750000
2015-05-17 22:02:17.835000,1.14446,1.14434,750000,750000
2015-05-17 22:02:18.443000,1.14445,1.14434,750000,750000
2015-05-17 22:02:18.955000,1.14445,1.14433,750000,2250000
2015-05-17 22:02:19.462000,1.14445,1.14434,750000,750000
2015-05-17 22:02:23.164000,1.14445,1.14433,750000,2770000
2015-05-17 22:02:25.402000,1.14446,1.14433,750000,2770000
2015-05-17 22:02:25.997000,1.14445,1.14433,750000,2770000
2015-05-17 22:02:29.110000,1.14446,1.14433,750000,2020000
2015-05-17 22:02:30.112000,1.14445,1.14433,750000,2250000
2015-05-17 22:02:33.037000,1.14446,1.14433,750000,2250000
2015-05-17 22:02:33.591000,1.14445,1.14433,750000,2250000
2015-05-17 22:02:35.273000,1.14439,1.14433,2850000,750000
2015-05-17 22:02:35.578000,1.14437,1.14432,2920000,750000
2015-05-17 22:02:36.727000,1.14437,1.14431,2920000,750000
2015-05-17 22:02:37.269000,1.14437,1.14432,2920000,750000
2015-05-17 22:02:42.386000,1.14437,1.14435,2920000,750000
2015-05-17 22:02:42.589000,1.14437,1.14432,2770000,750000
2015-05-17 22:02:43.993000,1.14436,1.14432,750000,750000
2015-05-17 22:02:44.509000,1.14437,1.14432,3520000,750000
2015-05-17 22:02:45.096000,1.14437,1.14431,2770000,750000
2015-05-17 22:02:46.594000,1.14437,1.14430,2770000,1500000
2015-05-17 22:02:47.127000,1.14437,1.14431,2770000,750000
2015-05-17 22:02:49.138000,1.14437,1.14432,2770000,750000
2015-05-17 22:02:52.975000,1.14437,1.14431,2770000,750000
2015-05-17 22:02:54.269000,1.14437,1.14432,2770000,750000
2015-05-17 22:02:55.765000,1.14437,1.14431,2770000,750000
2015-05-17 22:02:56.567000,1.14437,1.14432,2770000,750000
2015-05-17 22:03:08.389000,1.14438,1.14432,5620000,750000
2015-05-17 22:03:11.293000,1.14437,1.14432,2550000,750000
2015-05-17 22:03:13.904000,1.14437,1.14431,2550000,750000
2015-05-17 22:03:14.587000,1.14437,1.14432,2550000,750000
2015-05-17 22:03:16.593000,1.14437,1.14431,2550000,750000
2015-05-17 22:03:17.147000,1.14437,1.14432,2550000,750000
2015-05-17 22:03:22.634000,1.14437,1.14431,2550000,750000
2015-05-17 22:03:23.143000,1.14437,1.14432,2550000,750000
2015-05-17 22:03:23.676000,1.14437,1.14431,2550000,750000
2015-05-17 22:03:24.558000,1.14437,1.14432,2550000,750000
2015-05-17 22:03:27.864000,1.14437,1.14431,2550000,750000
2015-05-17 22:03:28.857000,1.14436,1.14431,750000,750000
2015-05-17 22:03:29.397000,1.14437,1.14431,2550000,750000
2015-05-17 22:03:30.638000,1.14437,1.14432,2550000,750000
2015-05-17 22:03:30.689000,1.14437,1.14430,2550000,1500000
2015-05-17 22:03:30.993000,1.14437,1.14432,2550000,750000
2015-05-17 22:03:33.451000,1.14437,1.14431,2550000,750000
2015-05-17 22:03:33.988000,1.14437,1.14432,2550000,750000
2015-05-17 22:03:34.426000,1.14437,1.14430,2550000,1500000
2015-05-17 22:03:35.351000,1.14437,1.14431,2550000,750000
2015-05-17 22:03:39.971000,1.14437,1.14430,2550000,1500000
2015-05-17 22:03:41.058000,1.14437,1.14431,2550000,750000
2015-05-17 22:03:42.356000,1.14437,1.14432,2550000,750000
2015-05-17 22:03:49.175000,1.14437,1.14431,2550000,750000
2015-05-17 22:03:49.684000,1.14437,1.14432,2470000,750000
2015-05-17 22:03:50.232000,1.14437,1.14431,2470000,750000
2015-05-17 22:03:50.756000,1.14437,1.14432,2250000,750000
2015-05-17 22:03:52.876000,1.14437,1.14431,2250000,750000
2015-05-17 22:03:53.196000,1.14435,1.14431,750000,750000
2015-05-17 22:03:53.702000,1.14435,1.14430,1500000,1500000
2015-05-17 22:04:04.345000,1.14434,1.14430,1000000,1500000
2015-05-17 22:04:05.951000,1.14435,1.14430,1000000,1500000
2015-05-17 22:04:06.255000,1.14435,1.14431,1000000,1220000
2015-05-17 22:04:06.802000,1.14436,1.14431,1500000,1000000
2015-05-17 22:04:07.692000,1.14437,1.14431,1640000,1300000
2015-05-17 22:04:24.110000,1.14437,1.14433,1640000,1000000
2015-05-17 22:04:24.313000,1.14437,1.14430,1640000,1720000
2015-05-17 22:04:24.819000,1.14438,1.14430,3490000,1720000
2015-05-17 22:04:35.120000,1.14434,1.14430,1000000,1000000
2015-05-17 22:04:35.926000,1.14436,1.14430,1640000,1500000
2015-05-17 22:04:36.795000,1.14436,1.14429,1640000,1500000
2015-05-17 22:04:37.482000,1.14436,1.14430,1640000,1500000
2015-05-17 22:04:38.142000,1.14436,1.14429,1640000,1500000
2015-05-17 22:04:38.674000,1.14436,1.14430,1640000,1000000
2015-05-17 22:04:44.350000,1.14430,1.14425,4050000,1500000
2015-05-17 22:04:44.654000,1.14434,1.14431,1000000,1000000
2015-05-17 22:04:44.958000,1.14436,1.14430,2140000,1500000
2015-05-17 22:04:50.995000,1.14433,1.14426,1750000,1000000
2015-05-17 22:04:52.194000,1.14431,1.14425,1750000,1500000
2015-05-17 22:04:52.727000,1.14431,1.14425,1750000,1000000
2015-05-17 22:04:55.104000,1.14434,1.14430,1000000,1500000
2015-05-17 22:04:55.610000,1.14435,1.14430,2890000,1500000
2015-05-17 22:04:55.814000,1.14433,1.14430,1000000,1500000
2015-05-17 22:05:00.124000,1.14433,1.14429,1000000,1500000
2015-05-17 22:05:00.630000,1.14433,1.14430,1000000,1500000
2015-05-17 22:05:00.935000,1.14438,1.14430,4950000,1500000
2015-05-17 22:05:06.495000,1.14437,1.14429,2510000,2250000
2015-05-17 22:05:07.048000,1.14437,1.14430,2510000,1500000
2015-05-17 22:05:07.648000,1.14438,1.14431,6970000,1000000
2015-05-17 22:05:08.964000,1.14435,1.14430,1390000,1500000
2015-05-17 22:05:10.492000,1.14438,1.14433,1200000,1000000
2015-05-17 22:05:11.043000,1.14439,1.14433,1950000,1000000
2015-05-17 22:05:12.424000,1.14439,1.14433,1570000,1000000
2015-05-17 22:05:12.576000,1.14440,1.14428,1570000,1000000
2015-05-17 22:05:13.095000,1.14440,1.14427,1570000,1000000
2015-05-17 22:05:18.222000,1.14441,1.14427,1950000,1870000
2015-05-17 22:05:19.321000,1.14440,1.14428,1570000,1150000
2015-05-17 22:05:20.299000,1.14440,1.14428,1570000,1000000
2015-05-17 22:05:20.635000,1.14440,1.14428,1570000,1600000
2015-05-17 22:05:20.941000,1.14440,1.14428,1570000,1500000
2015-05-17 22:05:20.993000,1.14440,1.14434,1070000,1000000
2015-05-17 22:05:21.516000,1.14441,1.14436,1950000,1000000
2015-05-17 22:05:22.137000,1.14441,1.14435,1950000,1000000
2015-05-17 22:05:29.160000,1.14441,1.14435,1950000,1000000
2015-05-17 22:05:29.770000,1.14441,1.14435,1950000,1000000
2015-05-17 22:05:35.967000,1.14441,1.14435,1950000,1000000
2015-05-17 22:05:36.475000,1.14441,1.14435,1950000,1000000
2015-05-17 22:05:39.497000,1.14441,1.14435,1950000,1000000
2015-05-17 22:05:40.033000,1.14441,1.14435,1950000,1000000
2015-05-17 22:05:51.589000,1.14441,1.14428,1950000,1870000
2015-05-17 22:05:52.158000,1.14441,1.14435,1950000,1000000
2015-05-17 22:05:54.788000,1.14441,1.14435,1950000,1000000
2015-05-17 22:05:55.268000,1.14441,1.14429,1950000,1000000
2015-05-17 22:05:55.766000,1.14441,1.14436,1910000,1000000
2015-05-17 22:05:55.817000,1.14441,1.14436,1870000,1000000
2015-05-17 22:05:56.901000,1.14441,1.14436,1870000,1000000
2015-05-17 22:05:57.417000,1.14441,1.14436,1870000,1000000
2015-05-17 22:05:59.798000,1.14441,1.14436,1870000,1000000
2015-05-17 22:06:00.115000,1.14443,1.14429,3370000,1950000
2015-05-17 22:06:04.242000,1.14443,1.14433,1870000,1220000
2015-05-17 22:06:04.750000,1.14443,1.14433,1870000,1170000
2015-05-17 22:06:05.492000,1.14439,1.14432,1870000,1220000
2015-05-17 22:06:11.168000,1.14439,1.14435,1870000,1000000
2015-05-17 22:06:11.709000,1.14438,1.14431,1370000,1420000
2015-05-17 22:06:12.216000,1.14439,1.14435,2620000,1500000
2015-05-17 22:06:19.024000,1.14439,1.14434,1870000,1870000
2015-05-17 22:06:19.526000,1.14439,1.14435,1870000,1500000
2015-05-17 22:06:20.679000,1.14439,1.14434,1870000,2020000
2015-05-17 22:06:21.201000,1.14439,1.14435,1870000,1500000
2015-05-17 22:06:23.792000,1.14439,1.14431,1870000,1420000
2015-05-17 22:06:33.986000,1.14439,1.14435,1870000,1000000
2015-05-17 22:06:34.546000,1.14439,1.14431,1870000,1070000
2015-05-17 22:06:36.024000,1.14439,1.14435,1870000,1000000
2015-05-17 22:06:37.502000,1.14439,1.14431,1870000,1070000
2015-05-17 22:07:23.002000,1.14436,1.14433,1000000,1300000
2015-05-17 22:07:24.012000,1.14436,1.14434,1000000,1070000
2015-05-17 22:07:24.234000,1.14440,1.14434,1120000,1070000
2015-05-17 22:07:33.328000,1.14440,1.14434,1870000,1070000
2015-05-17 22:07:33.852000,1.14436,1.14434,1000000,1320000
2015-05-17 22:07:34.272000,1.14440,1.14434,1500000,1070000
2015-05-17 22:07:41.922000,1.14440,1.14434,3000000,1070000
2015-05-17 22:07:49.856000,1.14440,1.14434,2250000,1070000
2015-05-17 22:07:50.179000,1.14436,1.14434,1000000,1070000
2015-05-17 22:07:50.332000,1.14440,1.14434,2620000,1320000
2015-05-17 22:08:00.110000,1.14440,1.14434,2620000,1300000
2015-05-17 22:08:19.771000,1.14440,1.14434,1000000,1070000
2015-05-17 22:08:19.974000,1.14440,1.14438,1000000,1000000
2015-05-17 22:08:20.031000,1.14442,1.14438,1000000,1000000
2015-05-17 22:08:20.082000,1.14444,1.14438,1000000,1000000
2015-05-17 22:08:20.223000,1.14445,1.14440,1120000,1000000
2015-05-17 22:08:20.476000,1.14446,1.14438,2620000,1500000
2015-05-17 22:08:24.028000,1.14445,1.14436,1120000,1000000
2015-05-17 22:08:24.963000,1.14441,1.14436,1000000,1000000
2015-05-17 22:08:25.217000,1.14444,1.14436,1350000,1000000
2015-05-17 22:08:25.814000,1.14445,1.14436,1120000,1000000
2015-05-17 22:08:33.083000,1.14449,1.14444,3900000,1750000
2015-05-17 22:08:33.314000,1.14456,1.14453,1000000,1000000
2015-05-17 22:08:33.365000,1.14456,1.14452,1000000,1000000
2015-05-17 22:08:33.619000,1.14458,1.14452,2400000,1000000
2015-05-17 22:08:33.670000,1.14452,1.14450,1030000,3370000
2015-05-17 22:08:33.721000,1.14450,1.14446,1000000,1000000
2015-05-17 22:08:33.772000,1.14450,1.14443,2250000,1780000
2015-05-17 22:08:33.874000,1.14452,1.14445,2250000,1370000
2015-05-17 22:08:33.925000,1.14460,1.14445,1820000,4500000
2015-05-17 22:08:33.976000,1.14455,1.14452,1120000,1000000
2015-05-17 22:08:34.180000,1.14458,1.14452,2400000,1000000
2015-05-17 22:08:34.629000,1.14461,1.14452,6520000,1000000
2015-05-17 22:08:34.933000,1.14458,1.14452,1650000,1000000
2015-05-17 22:08:35.289000,1.14458,1.14448,1650000,1000000
2015-05-17 22:08:35.340000,1.14458,1.14445,3150000,1000000
2015-05-17 22:08:35.888000,1.14457,1.14444,1500000,1870000
2015-05-17 22:08:38.880000,1.14457,1.14444,1500000,1500000
2015-05-17 22:08:39.405000,1.14458,1.14448,1500000,1200000
2015-05-17 22:08:39.928000,1.14458,1.14448,1650000,2020000
2015-05-17 22:08:42.518000,1.14458,1.14448,1500000,1200000
2015-05-17 22:08:43.022000,1.14458,1.14448,1650000,2020000
2015-05-17 22:08:53.594000,1.14458,1.14448,1350000,1200000
2015-05-17 22:08:54.108000,1.14458,1.14448,1500000,2020000
2015-05-17 22:08:56.130000,1.14458,1.14448,1500000,1200000
2015-05-17 22:08:56.697000,1.14458,1.14448,1650000,2020000
2015-05-17 22:08:58.652000,1.14458,1.14448,1500000,1200000
2015-05-17 22:08:58.964000,1.14458,1.14454,1650000,1000000
2015-05-17 22:09:01.139000,1.14458,1.14454,1500000,1000000
2015-05-17 22:09:01.445000,1.14463,1.14455,1670000,1000000
2015-05-17 22:09:03.125000,1.14463,1.14455,1670000,1000000
2015-05-17 22:09:03.643000,1.14463,1.14455,1670000,1000000
2015-05-17 22:09:04.026000,1.14463,1.14455,1670000,1000000
2015-05-17 22:09:04.128000,1.14463,1.14455,1670000,1000000
2015-05-17 22:09:04.875000,1.14462,1.14458,1000000,1000000
2015-05-17 22:09:05.333000,1.14462,1.14457,1370000,1000000
2015-05-17 22:09:05.485000,1.14462,1.14456,3000000,1000000
2015-05-17 22:09:10.365000,1.14455,1.14450,1000000,1500000
2015-05-17 22:09:11.345000,1.14454,1.14451,1000000,1000000
2015-05-17 22:09:11.661000,1.14454,1.14450,1000000,1950000
2015-05-17 22:09:11.763000,1.14463,1.14454,2040000,1670000
2015-05-17 22:09:12.118000,1.14464,1.14454,1670000,1390000
2015-05-17 22:09:12.220000,1.14464,1.14456,2620000,1000000
2015-05-17 22:09:14.075000,1.14463,1.14455,1500000,1500000
2015-05-17 22:09:14.617000,1.14463,1.14456,1500000,1000000
2015-05-17 22:09:15.613000,1.14463,1.14455,1500000,1500000
2015-05-17 22:09:16.141000,1.14463,1.14456,1500000,1000000
2015-05-17 22:09:17.377000,1.14463,1.14456,1500000,1000000
2015-05-17 22:09:17.912000,1.14463,1.14456,1750000,1000000
2015-05-17 22:09:19.463000,1.14463,1.14455,1750000,1500000
2015-05-17 22:09:19.990000,1.14463,1.14456,1750000,1000000
2015-05-17 22:09:21.510000,1.14462,1.14455,1750000,1000000
2015-05-17 22:09:22.217000,1.14462,1.14456,1120000,1000000
2015-05-17 22:09:24.302000,1.14462,1.14455,1120000,1500000
2015-05-17 22:09:24.840000,1.14462,1.14456,1120000,1000000
2015-05-17 22:09:26.590000,1.14463,1.14455,2250000,1500000
2015-05-17 22:09:27.132000,1.14463,1.14456,1500000,1000000
2015-05-17 22:09:28.994000,1.14463,1.14457,2250000,1000000
2015-05-17 22:09:29.537000,1.14462,1.14456,1120000,1000000
2015-05-17 22:09:32.506000,1.14462,1.14458,1000000,1000000
2015-05-17 22:09:33.012000,1.14462,1.14457,1000000,1000000
2015-05-17 22:09:38.359000,1.14462,1.14456,1000000,1000000
2015-05-17 22:09:38.664000,1.14462,1.14456,3000000,1000000
2015-05-17 22:09:39.243000,1.14462,1.14455,3000000,1500000
2015-05-17 22:09:39.745000,1.14462,1.14456,3000000,1000000
2015-05-17 22:09:44.834000,1.14462,1.14456,3000000,1000000
2015-05-17 22:09:44.885000,1.14462,1.14457,1000000,1000000
2015-05-17 22:09:45.478000,1.14463,1.14456,1500000,1000000
2015-05-17 22:09:48.668000,1.14463,1.14455,1500000,1500000
2015-05-17 22:09:49.237000,1.14463,1.14456,1500000,1000000
2015-05-17 22:09:50.044000,1.14463,1.14457,1500000,1000000
2015-05-17 22:09:52.475000,1.14463,1.14456,1500000,1000000
2015-05-17 22:09:53.120000,1.14463,1.14457,1500000,1000000
2015-05-17 22:09:54.263000,1.14463,1.14458,1500000,1000000
2015-05-17 22:09:56.358000,1.14463,1.14457,1500000,1000000
2015-05-17 22:09:57.284000,1.14463,1.14458,1500000,1000000
2015-05-17 22:09:57.428000,1.14463,1.14458,2100000,1000000
2015-05-17 22:09:57.480000,1.14461,1.14455,3000000,1500000
2015-05-17 22:09:57.582000,1.14460,1.14457,1500000,1000000
2015-05-17 22:09:57.979000,1.14458,1.14455,1800000,1500000
2015-05-17 22:09:59.065000,1.14458,1.14454,1800000,1500000
2015-05-17 22:09:59.567000,1.14458,1.14455,1800000,1500000
2015-05-17 22:10:00.602000,1.14459,1.14455,2400000,1500000
2015-05-17 22:10:02.435000,1.14458,1.14455,1800000,1500000
2015-05-17 22:10:08.932000,1.14462,1.14455,3370000,1500000
2015-05-17 22:10:09.034000,1.14462,1.14459,1200000,1000000
2015-05-17 22:10:09.135000,1.14464,1.14459,5400000,1000000
2015-05-17 22:10:09.339000,1.14464,1.14457,5620000,1000000
2015-05-17 22:10:09.935000,1.14464,1.14456,5620000,1000000
2015-05-17 22:10:10.462000,1.14464,1.14457,5320000,1000000
2015-05-17 22:10:10.571000,1.14462,1.14457,1000000,1000000
2015-05-17 22:10:11.147000,1.14462,1.14456,1000000,1000000
2015-05-17 22:10:11.814000,1.14462,1.14457,1000000,1000000
2015-05-17 22:10:12.230000,1.14460,1.14457,1500000,1000000
2015-05-17 22:10:13.035000,1.14460,1.14457,1870000,1000000
2015-05-17 22:10:13.558000,1.14460,1.14455,2250000,1000000
2015-05-17 22:10:14.065000,1.14459,1.14456,1500000,1000000
2015-05-17 22:10:14.613000,1.14459,1.14456,2250000,1000000
2015-05-17 22:10:15.628000,1.14458,1.14456,1000000,1000000
2015-05-17 22:10:16.130000,1.14458,1.14455,1000000,1500000
2015-05-17 22:10:16.925000,1.14458,1.14456,1000000,1000000
2015-05-17 22:10:19.248000,1.14459,1.14456,3000000,1000000
2015-05-17 22:10:20.151000,1.14459,1.14455,3000000,1500000
2015-05-17 22:10:20.749000,1.14459,1.14456,3000000,1000000
2015-05-17 22:10:27.266000,1.14459,1.14455,3000000,1500000
2015-05-17 22:10:28.366000,1.14459,1.14456,3000000,1000000
2015-05-17 22:10:32.237000,1.14459,1.14455,3000000,1500000
2015-05-17 22:10:32.776000,1.14459,1.14456,3000000,1000000
2015-05-17 22:10:34.076000,1.14458,1.14456,1200000,1000000
2015-05-17 22:10:36.815000,1.14458,1.14455,1200000,1500000
2015-05-17 22:10:37.409000,1.14458,1.14456,1200000,1000000
2015-05-17 22:10:39.223000,1.14458,1.14455,1200000,1500000
2015-05-17 22:10:39.762000,1.14458,1.14456,1200000,1000000
2015-05-17 22:10:43.075000,1.14458,1.14455,1200000,1500000
2015-05-17 22:10:44.131000,1.14458,1.14456,1200000,1000000
2015-05-17 22:10:44.689000,1.14458,1.14455,1200000,1500000
2015-05-17 22:10:45.436000,1.14458,1.14456,1200000,1000000
2015-05-17 22:10:47.950000,1.14458,1.14455,1200000,1500000
2015-05-17 22:10:48.472000,1.14458,1.14456,1200000,1000000
2015-05-17 22:10:50.062000,1.14458,1.14455,1200000,1000000
2015-05-17 22:10:51.011000,1.14458,1.14456,1200000,1000000
2015-05-17 22:10:53.124000,1.14458,1.14455,1200000,1500000
2015-05-17 22:10:53.652000,1.14458,1.14456,1200000,1000000
2015-05-17 22:10:55.086000,1.14458,1.14455,1200000,1500000
2015-05-17 22:10:55.617000,1.14458,1.14456,1200000,1000000
2015-05-17 22:10:56.141000,1.14458,1.14455,1200000,1500000
2015-05-17 22:10:56.926000,1.14458,1.14456,1200000,1000000
2015-05-17 22:11:04.480000,1.14458,1.14457,1200000,1120000
2015-05-17 22:11:04.582000,1.14464,1.14462,2250000,1000000
2015-05-17 22:11:05.039000,1.14462,1.14460,1500000,1000000
2015-05-17 22:11:05.368000,1.14464,1.14462,2250000,1000000
2015-05-17 22:11:12.739000,1.14464,1.14462,1000000,1000000
2015-05-17 22:11:13.263000,1.14464,1.14462,1000000,1000000
2015-05-17 22:11:16.328000,1.14464,1.14462,1000000,1000000
2015-05-17 22:11:16.835000,1.14464,1.14462,1000000,1000000
2015-05-17 22:11:19.736000,1.14464,1.14462,1000000,1000000
2015-05-17 22:11:20.333000,1.14464,1.14462,1000000,1000000
2015-05-17 22:11:21.635000,1.14464,1.14462,1000000,1000000
2015-05-17 22:11:22.270000,1.14464,1.14462,1000000,1000000
2015-05-17 22:11:24.641000,1.14464,1.14461,1000000,1000000
2015-05-17 22:11:24.743000,1.14466,1.14463,1120000,1500000
2015-05-17 22:11:27.403000,1.14468,1.14464,3000000,1500000
2015-05-17 22:11:27.972000,1.14468,1.14464,3070000,1500000
2015-05-17 22:11:28.489000,1.14468,1.14464,3000000,1500000
2015-05-17 22:11:29.192000,1.14468,1.14464,3070000,1500000
2015-05-17 22:11:38.044000,1.14468,1.14463,3070000,1500000
2015-05-17 22:11:38.665000,1.14468,1.14464,3070000,1500000
2015-05-17 22:11:44.582000,1.14467,1.14460,1370000,2020000
2015-05-17 22:11:46.418000,1.14467,1.14460,1000000,1640000
2015-05-17 22:11:46.936000,1.14467,1.14464,1000000,1000000
2015-05-17 22:12:01.390000,1.14467,1.14464,1000000,1500000
2015-05-17 22:12:02.105000,1.14467,1.14464,1000000,1500000
2015-05-17 22:12:03.015000,1.14468,1.14464,3300000,1500000
2015-05-17 22:12:03.066000,1.14465,1.14464,1000000,1000000
2015-05-17 22:12:03.409000,1.14458,1.14457,1000000,2620000
2015-05-17 22:12:05.079000,1.14460,1.14458,1000000,1000000
2015-05-17 22:12:05.384000,1.14462,1.14459,1500000,1000000
2015-05-17 22:12:05.639000,1.14464,1.14460,1500000,1000000
2015-05-17 22:12:05.690000,1.14464,1.14454,1500000,1670000
2015-05-17 22:12:14.037000,1.14463,1.14453,1500000,2570000
2015-05-17 22:12:18.122000,1.14463,1.14453,1500000,2570000
2015-05-17 22:12:18.863000,1.14463,1.14453,1500000,2570000
2015-05-17 22:12:25.846000,1.14463,1.14455,1000000,1000000
2015-05-17 22:12:25.948000,1.14465,1.14455,1500000,1500000
2015-05-17 22:12:36.791000,1.14465,1.14456,1000000,1000000
2015-05-17 22:12:37.343000,1.14466,1.14456,1500000,1500000
2015-05-17 22:12:43.911000,1.14466,1.14458,1120000,1000000
2015-05-17 22:12:44.425000,1.14467,1.14457,2170000,1500000
2015-05-17 22:12:55.980000,1.14460,1.14457,1000000,1000000
2015-05-17 22:12:56.031000,1.14460,1.14452,1000000,1000000
2015-05-17 22:12:56.082000,1.14459,1.14449,1000000,3520000
2015-05-17 22:13:55.371000,1.14457,1.14447,1500000,4120000
2015-05-17 22:13:55.879000,1.14457,1.14448,1500000,1500000
2015-05-17 22:13:56.552000,1.14456,1.14448,1000000,1500000
2015-05-17 22:13:57.115000,1.14456,1.14447,1500000,2620000
2015-05-17 22:13:57.669000,1.14456,1.14448,1500000,1500000
2015-05-17 22:14:06.888000,1.14454,1.14448,1000000,1500000
2015-05-17 22:14:07.353000,1.14452,1.14448,1000000,1500000
2015-05-17 22:14:07.506000,1.14456,1.14448,1780000,1500000
2015-05-17 22:14:07.557000,1.14456,1.14448,1500000,1500000
2015-05-17 22:14:08.783000,1.14454,1.14448,1500000,1500000
2015-05-17 22:14:10.295000,1.14455,1.14448,1500000,1500000
2015-05-17 22:14:10.814000,1.14454,1.14448,1500000,1500000
2015-05-17 22:14:12.624000,1.14454,1.14447,1500000,1870000
2015-05-17 22:14:13.228000,1.14454,1.14448,1500000,1500000
2015-05-17 22:14:14.652000,1.14454,1.14447,1500000,1870000
2015-05-17 22:14:15.171000,1.14454,1.14448,1500000,1500000
2015-05-17 22:14:15.693000,1.14454,1.14447,1500000,1870000
2015-05-17 22:14:16.209000,1.14454,1.14448,1500000,1500000
2015-05-17 22:14:17.104000,1.14455,1.14448,1860000,1500000
2015-05-17 22:14:17.410000,1.14453,1.14448,1500000,1500000
2015-05-17 22:14:18.373000,1.14453,1.14447,1500000,1870000
2015-05-17 22:14:19.160000,1.14453,1.14448,1500000,1500000
2015-05-17 22:14:20.157000,1.14453,1.14447,1500000,1870000
2015-05-17 22:14:20.689000,1.14453,1.14448,1500000,1500000
2015-05-17 22:14:21.220000,1.14453,1.14447,1500000,1870000
2015-05-17 22:14:21.865000,1.14453,1.14448,1500000,1500000
2015-05-17 22:14:24.079000,1.14453,1.14447,1500000,1500000
2015-05-17 22:14:24.583000,1.14453,1.14448,1500000,1500000
2015-05-17 22:14:28.431000,1.14453,1.14447,1500000,1870000
2015-05-17 22:14:29.109000,1.14453,1.14448,1500000,1500000
2015-05-17 22:14:30.067000,1.14453,1.14447,1500000,1870000
2015-05-17 22:14:30.708000,1.14453,1.14448,1500000,1500000
2015-05-17 22:14:36.366000,1.14454,1.14448,1500000,1500000
2015-05-17 22:14:38.202000,1.14454,1.14447,1500000,1870000
2015-05-17 22:14:38.704000,1.14454,1.14448,1500000,1500000
2015-05-17 22:14:39.298000,1.14454,1.14447,1500000,1870000
2015-05-17 22:14:39.810000,1.14454,1.14448,1500000,1500000
2015-05-17 22:14:40.422000,1.14454,1.14447,1500000,1870000
2015-05-17 22:14:40.978000,1.14454,1.14448,1500000,1500000
2015-05-17 22:14:45.007000,1.14454,1.14447,1500000,1870000
2015-05-17 22:14:45.519000,1.14454,1.14448,1500000,1500000
2015-05-17 22:14:51.681000,1.14454,1.14447,1500000,1870000
2015-05-17 22:14:52.184000,1.14454,1.14448,1500000,1500000
2015-05-17 22:14:56.676000,1.14453,1.14448,1500000,1500000
2015-05-17 22:15:00.458000,1.14450,1.14448,1000000,1500000
2015-05-17 22:15:00.965000,1.14448,1.14445,1000000,1000000
2015-05-17 22:15:01.017000,1.14448,1.14444,1500000,1500000
2015-05-17 22:15:01.321000,1.14449,1.14445,1500000,1000000
2015-05-17 22:15:02.314000,1.14448,1.14445,1500000,1000000
2015-05-17 22:15:02.511000,1.14448,1.14444,1500000,1000000
2015-05-17 22:15:02.654000,1.14448,1.14438,1500000,1500000
2015-05-17 22:15:02.757000,1.14449,1.14445,1500000,1000000
2015-05-17 22:15:03.164000,1.14446,1.14444,1000000,1500000
2015-05-17 22:15:03.418000,1.14446,1.14443,1500000,1000000
2015-05-17 22:15:03.470000,1.14445,1.14436,1000000,1000000
2015-05-17 22:15:03.521000,1.14446,1.14442,1500000,750000
2015-05-17 22:15:03.623000,1.14447,1.14444,1500000,1500000
2015-05-17 22:15:03.877000,1.14447,1.14440,1500000,1000000
2015-05-17 22:15:04.400000,1.14446,1.14440,1500000,1500000
2015-05-17 22:15:05.811000,1.14447,1.14440,1500000,1500000
2015-05-17 22:15:05.862000,1.14445,1.14440,1000000,1500000
2015-05-17 22:15:07.271000,1.14445,1.14439,1000000,1500000
2015-05-17 22:15:07.322000,1.14448,1.14439,2610000,1500000
2015-05-17 22:15:07.374000,1.14446,1.14440,1000000,1500000
2015-05-17 22:15:11.596000,1.14446,1.14439,1500000,1500000
2015-05-17 22:15:12.133000,1.14446,1.14440,1500000,1500000
2015-05-17 22:15:28.046000,1.14445,1.14440,1000000,1500000
2015-05-17 22:15:30.748000,1.14447,1.14440,1860000,1500000
2015-05-17 22:15:31.284000,1.14447,1.14441,1000000,1000000
2015-05-17 22:15:31.340000,1.14449,1.14441,1500000,1000000
2015-05-17 22:15:31.903000,1.14445,1.14440,1000000,1000000
2015-05-17 22:15:32.678000,1.14446,1.14440,1500000,1500000
2015-05-17 22:15:33.834000,1.14445,1.14440,1000000,1000000
2015-05-17 22:15:36.192000,1.14446,1.14440,1500000,1500000
2015-05-17 22:15:36.820000,1.14449,1.14441,1000000,1000000
2015-05-17 22:15:37.187000,1.14449,1.14439,1000000,1000000
2015-05-17 22:15:37.433000,1.14445,1.14440,1500000,1500000
2015-05-17 22:15:37.980000,1.14446,1.14440,1500000,1500000
2015-05-17 22:15:38.844000,1.14448,1.14440,1500000,1000000
2015-05-17 22:15:38.895000,1.14445,1.14440,1000000,1500000
2015-05-17 22:15:39.778000,1.14445,1.14439,1500000,1500000
2015-05-17 22:15:40.295000,1.14445,1.14440,1500000,1500000
2015-05-17 22:15:45.884000,1.14443,1.14440,1000000,1000000
2015-05-17 22:15:45.986000,1.14441,1.14436,1000000,1000000
2015-05-17 22:15:46.591000,1.14441,1.14435,1500000,1500000
2015-05-17 22:15:47.171000,1.14441,1.14436,1500000,1000000
2015-05-17 22:15:47.414000,1.14440,1.14438,1500000,1000000
2015-05-17 22:15:47.516000,1.14443,1.14439,2610000,1000000
2015-05-17 22:15:50.514000,1.14444,1.14439,1500000,1000000
2015-05-17 22:15:50.616000,1.14447,1.14440,1500000,1500000
2015-05-17 22:15:50.922000,1.14447,1.14437,1500000,1500000
2015-05-17 22:15:51.096000,1.14445,1.14437,1860000,1500000
2015-05-17 22:15:51.401000,1.14443,1.14439,2610000,1000000
2015-05-17 22:15:55.357000,1.14443,1.14438,1500000,1000000
2015-05-17 22:15:55.881000,1.14443,1.14439,2610000,1000000
2015-05-17 22:16:00.669000,1.14443,1.14438,1500000,1000000
2015-05-17 22:16:01.282000,1.14443,1.14439,2610000,1000000
2015-05-17 22:16:06.862000,1.14443,1.14438,1500000,1000000
2015-05-17 22:16:07.364000,1.14443,1.14439,2610000,1000000
2015-05-17 22:16:11.866000,1.14443,1.14438,1500000,1000000
2015-05-17 22:16:12.416000,1.14442,1.14438,1000000,1000000
2015-05-17 22:16:13.006000,1.14442,1.14439,1000000,1000000
2015-05-17 22:16:13.538000,1.14442,1.14438,1000000,1000000
2015-05-17 22:16:14.195000,1.14442,1.14439,1000000,1000000
2015-05-17 22:16:18.788000,1.14444,1.14440,1360000,1500000
2015-05-17 22:16:19.261000,1.14447,1.14440,1860000,1000000
2015-05-17 22:16:19.363000,1.14447,1.14440,1500000,1500000
2015-05-17 22:16:19.667000,1.14442,1.14440,1500000,1000000
2015-05-17 22:16:19.921000,1.14440,1.14433,2250000,1970000
2015-05-17 22:16:19.978000,1.14437,1.14431,1500000,1000000
2015-05-17 22:16:22.737000,1.14437,1.14430,2250000,1500000
2015-05-17 22:16:23.273000,1.14437,1.14431,2250000,1000000
2015-05-17 22:16:24.433000,1.14437,1.14430,2250000,1500000
2015-05-17 22:16:24.972000,1.14437,1.14431,2250000,1000000
2015-05-17 22:16:25.889000,1.14437,1.14431,2250000,1370000
2015-05-17 22:16:26.405000,1.14435,1.14434,1250000,1000000
2015-05-17 22:16:26.559000,1.14431,1.14425,1270000,1000000
2015-05-17 22:16:26.610000,1.14433,1.14424,2250000,13690000
2015-05-17 22:16:27.470000,1.14427,1.14424,1690000,13690000
2015-05-17 22:16:27.775000,1.14425,1.14424,1160000,5340000
2015-05-17 22:16:27.979000,1.14428,1.14424,1500000,5530000
2015-05-17 22:16:28.081000,1.14434,1.14424,1500000,7030000
2015-05-17 22:16:30.204000,1.14435,1.14425,2250000,1870000
2015-05-17 22:16:30.306000,1.14433,1.14424,1000000,5530000
2015-05-17 22:16:30.620000,1.14433,1.14424,1000000,5160000
2015-05-17 22:16:32.876000,1.14433,1.14426,1500000,1000000
2015-05-17 22:16:33.182000,1.14435,1.14431,1110000,1000000
2015-05-17 22:16:33.522000,1.14428,1.14426,1000000,4120000
2015-05-17 22:16:33.574000,1.14428,1.14424,1000000,2250000
2015-05-17 22:16:33.727000,1.14430,1.14424,1000000,3000000
2015-05-17 22:16:34.387000,1.14428,1.14424,1000000,3000000
2015-05-17 22:16:34.488000,1.14430,1.14424,1000000,3750000
2015-05-17 22:16:34.894000,1.14428,1.14424,1000000,3000000
2015-05-17 22:16:39.356000,1.14427,1.14424,1000000,3000000
2015-05-17 22:16:44.867000,1.14430,1.14427,1000000,1000000
2015-05-17 22:16:44.918000,1.14433,1.14427,2610000,1000000
2015-05-17 22:16:45.323000,1.14431,1.14427,1000000,1000000
2015-05-17 22:16:45.629000,1.14427,1.14424,1500000,10500000
2015-05-17 22:16:46.569000,1.14432,1.14424,1500000,9940000
2015-05-17 22:16:46.620000,1.14430,1.14424,1000000,9940000
2015-05-17 22:16:46.941000,1.14428,1.14424,1000000,9940000
2015-05-17 22:16:47.242000,1.14426,1.14424,1500000,10690000
2015-05-17 22:16:47.754000,1.14427,1.14424,1000000,10690000
2015-05-17 22:16:48.039000,1.14430,1.14425,1500000,1000000
2015-05-17 22:16:48.576000,1.14430,1.14426,1500000,1500000
2015-05-17 22:16:48.940000,1.14426,1.14424,1110000,9190000
2015-05-17 22:16:49.448000,1.14426,1.14424,2210000,9940000
2015-05-17 22:16:50.650000,1.14430,1.14424,1360000,10120000
2015-05-17 22:16:50.701000,1.14431,1.14426,1360000,1500000
2015-05-17 22:16:51.245000,1.14435,1.14426,1000000,1500000
2015-05-17 22:16:51.355000,1.14430,1.14426,1000000,1500000
2015-05-17 22:16:52.022000,1.14430,1.14424,1500000,9370000
2015-05-17 22:16:52.074000,1.14427,1.14424,1000000,9370000
2015-05-17 22:16:53.766000,1.14427,1.14424,1860000,5440000
2015-05-17 22:16:54.351000,1.14426,1.14424,1110000,10120000
2015-05-17 22:16:56.665000,1.14427,1.14424,2030000,10120000
2015-05-17 22:16:56.818000,1.14430,1.14426,1500000,1000000
2015-05-17 22:16:57.209000,1.14436,1.14426,1500000,1000000
2015-05-17 22:16:57.581000,1.14433,1.14426,2170000,1000000
2015-05-17 22:16:57.886000,1.14425,1.14423,1000000,8920000
2015-05-17 22:16:58.529000,1.14427,1.14424,2610000,1500000
2015-05-17 22:16:59.054000,1.14425,1.14423,2220000,12110000
2015-05-17 22:16:59.258000,1.14430,1.14426,1000000,1500000
2015-05-17 22:16:59.765000,1.14430,1.14426,1500000,1500000
2015-05-17 22:17:00.117000,1.14436,1.14426,1500000,1500000
2015-05-17 22:17:00.348000,1.14430,1.14426,1500000,1500000
2015-05-17 22:17:00.674000,1.14428,1.14425,1000000,1500000
2015-05-17 22:17:01.467000,1.14429,1.14425,1000000,1500000
2015-05-17 22:17:01.817000,1.14428,1.14427,1000000,1000000
2015-05-17 22:17:02.341000,1.14430,1.14426,1780000,1500000
2015-05-17 22:17:02.845000,1.14430,1.14426,1200000,1500000
2015-05-17 22:17:09.520000,1.14430,1.14427,1340000,1500000
2015-05-17 22:17:10.031000,1.14430,1.14426,1780000,1500000
2015-05-17 22:17:11.438000,1.14430,1.14427,1340000,1500000
2015-05-17 22:17:12.153000,1.14430,1.14426,1780000,1500000
2015-05-17 22:17:13.223000,1.14430,1.14427,1340000,1500000
2015-05-17 22:17:13.773000,1.14430,1.14426,1780000,1500000
2015-05-17 22:17:14.742000,1.14430,1.14427,1340000,1500000
2015-05-17 22:17:15.286000,1.14430,1.14426,1780000,1500000
2015-05-17 22:17:20.585000,1.14430,1.14425,1780000,1000000
2015-05-17 22:17:21.811000,1.14430,1.14425,1340000,1500000
2015-05-17 22:17:22.417000,1.14430,1.14425,1780000,1500000
2015-05-17 22:17:23.825000,1.14430,1.14425,1340000,1500000
2015-05-17 22:17:24.429000,1.14430,1.14425,1780000,1500000
2015-05-17 22:17:26.338000,1.14430,1.14425,1240000,1500000
2015-05-17 22:17:27.037000,1.14430,1.14425,1700000,1500000
2015-05-17 22:17:32.472000,1.14431,1.14425,1780000,1500000
2015-05-17 22:17:32.978000,1.14430,1.14425,1700000,1500000
2015-05-17 22:17:33.971000,1.14430,1.14425,1240000,1500000
2015-05-17 22:17:34.628000,1.14430,1.14425,1700000,1500000
2015-05-17 22:17:39.911000,1.14430,1.14425,1340000,1000000
2015-05-17 22:17:40.556000,1.14430,1.14425,1780000,1000000
2015-05-17 22:17:45.038000,1.14430,1.14425,1240000,1870000
2015-05-17 22:17:45.562000,1.14430,1.14425,1700000,1870000
2015-05-17 22:17:46.100000,1.14430,1.14425,1240000,1870000
2015-05-17 22:17:46.736000,1.14430,1.14425,1700000,1870000
2015-05-17 22:17:51.087000,1.14429,1.14425,1100000,1500000
2015-05-17 22:17:51.674000,1.14430,1.14424,1700000,10220000
2015-05-17 22:17:52.295000,1.14430,1.14425,1700000,1500000
2015-05-17 22:17:53.943000,1.14430,1.14424,1700000,10220000
2015-05-17 22:17:54.461000,1.14430,1.14425,1100000,1500000
2015-05-17 22:17:54.963000,1.14430,1.14425,1240000,1500000
2015-05-17 22:17:55.751000,1.14430,1.14425,1700000,1500000
2015-05-17 22:17:59.453000,1.14430,1.14424,1700000,10220000
2015-05-17 22:17:59.982000,1.14430,1.14425,1700000,1500000
2015-05-17 22:18:00.613000,1.14430,1.14425,1240000,1500000
2015-05-17 22:18:01.339000,1.14430,1.14425,1700000,1500000
2015-05-17 22:18:01.653000,1.14430,1.14424,1700000,13310000
2015-05-17 22:18:01.705000,1.14430,1.14427,1700000,1000000
2015-05-17 22:18:01.756000,1.14430,1.14427,1000000,1500000
2015-05-17 22:18:02.760000,1.14430,1.14427,1500000,1500000
2015-05-17 22:18:03.647000,1.14430,1.14427,1000000,1500000
2015-05-17 22:18:05.561000,1.14430,1.14427,1500000,1500000
2015-05-17 22:18:06.076000,1.14430,1.14427,1000000,1500000
2015-05-17 22:18:14.360000,1.14429,1.14426,1000000,1000000
2015-05-17 22:18:19.170000,1.14429,1.14426,1000000,1000000
2015-05-17 22:18:19.901000,1.14429,1.14426,1000000,1000000
2015-05-17 22:18:20.496000,1.14429,1.14426,1000000,1000000
2015-05-17 22:18:21.364000,1.14429,1.14426,1000000,1000000
2015-05-17 22:18:23.908000,1.14429,1.14426,1000000,1000000
2015-05-17 22:18:24.481000,1.14429,1.14426,1000000,1000000
2015-05-17 22:18:29.617000,1.14429,1.14425,1000000,1500000
2015-05-17 22:18:30.196000,1.14430,1.14426,1500000,1000000
2015-05-17 22:18:39.457000,1.14430,1.14427,1500000,1000000
2015-05-17 22:18:40.267000,1.14431,1.14427,1500000,1500000
2015-05-17 22:18:40.770000,1.14430,1.14427,1000000,1500000
2015-05-17 22:18:44.417000,1.14430,1.14424,3000000,3940000
2015-05-17 22:18:44.469000,1.14430,1.14426,2250000,1000000
2015-05-17 22:18:46.316000,1.14430,1.14424,1500000,8810000
2015-05-17 22:18:47.774000,1.14431,1.14424,1500000,8160000
2015-05-17 22:18:48.287000,1.14430,1.14424,1500000,11810000
2015-05-17 22:18:52.602000,1.14430,1.14426,1500000,1000000
2015-05-17 22:18:53.190000,1.14430,1.14427,1500000,1000000
2015-05-17 22:18:58.277000,1.14432,1.14428,1500000,1000000
2015-05-17 22:18:58.831000,1.14432,1.14428,1000000,1500000
2015-05-17 22:18:59.857000,1.14432,1.14428,1000000,1500000
2015-05-17 22:19:00.686000,1.14431,1.14427,1500000,1500000
2015-05-17 22:19:04.570000,1.14441,1.14439,4500000,1000000
2015-05-17 22:19:04.672000,1.14442,1.14441,1120000,1000000
2015-05-17 22:19:05.182000,1.14443,1.14441,1000000,1000000
2015-05-17 22:19:05.334000,1.14443,1.14439,1000000,1500000
2015-05-17 22:19:05.385000,1.14441,1.14439,1000000,2250000
2015-05-17 22:19:05.690000,1.14433,1.14430,1000000,1000000
2015-05-17 22:19:06.298000,1.14433,1.14430,1000000,1000000
2015-05-17 22:19:06.959000,1.14433,1.14430,1000000,1000000
2015-05-17 22:19:09.249000,1.14433,1.14431,1000000,1000000
2015-05-17 22:19:11.414000,1.14433,1.14431,1000000,1000000
2015-05-17 22:19:12.324000,1.14433,1.14431,1000000,1120000
2015-05-17 22:19:13.226000,1.14433,1.14431,1000000,1000000
2015-05-17 22:19:14.178000,1.14433,1.14431,1000000,1000000
2015-05-17 22:19:15.191000,1.14433,1.14431,1000000,1000000
2015-05-17 22:19:15.695000,1.14433,1.14431,1000000,1000000
2015-05-17 22:19:17.773000,1.14433,1.14431,1000000,1000000
2015-05-17 22:19:18.350000,1.14433,1.14431,1000000,1000000
2015-05-17 22:19:19.181000,1.14433,1.14431,1000000,1000000
2015-05-17 22:19:19.984000,1.14433,1.14431,1000000,1000000
2015-05-17 22:19:20.884000,1.14433,1.14431,1000000,1000000
2015-05-17 22:19:21.499000,1.14433,1.14431,1000000,1000000
2015-05-17 22:19:22.463000,1.14433,1.14431,1000000,1000000
2015-05-17 22:19:23.743000,1.14433,1.14431,1000000,1000000
2015-05-17 22:19:26.145000,1.14433,1.14431,1000000,1000000
2015-05-17 22:19:26.774000,1.14433,1.14431,1000000,1000000
2015-05-17 22:19:28.628000,1.14433,1.14431,1000000,1000000
2015-05-17 22:19:29.143000,1.14433,1.14431,1000000,1000000
2015-05-17 22:19:30.133000,1.14433,1.14431,1000000,1000000
2015-05-17 22:19:30.675000,1.14433,1.14431,1000000,1000000
2015-05-17 22:19:33.231000,1.14433,1.14431,1000000,1000000
2015-05-17 22:19:33.742000,1.14433,1.14431,1000000,1000000
2015-05-17 22:19:35.557000,1.14433,1.14431,1000000,1000000
2015-05-17 22:19:36.095000,1.14433,1.14431,1000000,1000000
2015-05-17 22:19:36.664000,1.14433,1.14431,1000000,1000000
2015-05-17 22:19:37.190000,1.14433,1.14431,1000000,1000000
2015-05-17 22:19:38.074000,1.14433,1.14431,1000000,1000000
2015-05-17 22:19:39.682000,1.14433,1.14431,1000000,1000000
2015-05-17 22:19:45.564000,1.14433,1.14431,1000000,1000000
2015-05-17 22:19:46.115000,1.14433,1.14431,1000000,1000000
2015-05-17 22:19:46.913000,1.14433,1.14431,1000000,1000000
2015-05-17 22:19:47.474000,1.14433,1.14431,1000000,1000000
2015-05-17 22:19:49.227000,1.14433,1.14431,1000000,1000000
2015-05-17 22:19:49.889000,1.14433,1.14431,1000000,1000000
2015-05-17 22:19:51.200000,1.14433,1.14431,1000000,1000000
2015-05-17 22:19:51.708000,1.14432,1.14431,1000000,1000000
2015-05-17 22:19:53.212000,1.14433,1.14431,1000000,1000000
2015-05-17 22:19:53.721000,1.14432,1.14431,1000000,1000000
2015-05-17 22:19:55.137000,1.14433,1.14431,1000000,1000000
2015-05-17 22:19:55.673000,1.14432,1.14431,1000000,1000000
2015-05-17 22:19:58.968000,1.14433,1.14431,1000000,1000000
2015-05-17 22:20:00.555000,1.14432,1.14431,1000000,1000000
2015-05-17 22:20:03.460000,1.14434,1.14432,1000000,1500000
2015-05-17 22:20:03.511000,1.14434,1.14432,1000000,1000000
2015-05-17 22:20:04.060000,1.14433,1.14431,1000000,1000000
2015-05-17 22:20:04.750000,1.14433,1.14431,1000000,1000000
2015-05-17 22:20:05.288000,1.14433,1.14431,1000000,1000000
2015-05-17 22:20:05.914000,1.14433,1.14431,1000000,1000000
2015-05-17 22:20:06.868000,1.14433,1.14431,1000000,1000000
2015-05-17 22:20:07.472000,1.14433,1.14431,1000000,1000000
2015-05-17 22:20:08.051000,1.14433,1.14431,1000000,1000000
2015-05-17 22:20:09.716000,1.14433,1.14431,1000000,1000000
2015-05-17 22:20:10.360000,1.14433,1.14431,1000000,1000000
2015-05-17 22:20:15.320000,1.14433,1.14431,1000000,1000000
2015-05-17 22:20:15.902000,1.14433,1.14431,1000000,1000000
2015-05-17 22:20:21.190000,1.14433,1.14431,1000000,1000000
2015-05-17 22:20:21.740000,1.14433,1.14431,1000000,1000000
2015-05-17 22:20:27.202000,1.14433,1.14431,1000000,1000000
2015-05-17 22:20:27.704000,1.14436,1.14431,1000000,1000000
2015-05-17 22:20:27.755000,1.14437,1.14434,1000000,1000000
2015-05-17 22:20:28.356000,1.14437,1.14434,1000000,1000000
2015-05-17 22:20:28.407000,1.14437,1.14431,1000000,1000000
2015-05-17 22:20:35.834000,1.14436,1.14431,1000000,1000000
2015-05-17 22:20:36.037000,1.14438,1.14432,4500000,1000000
2015-05-17 22:20:38.443000,1.14437,1.14432,1000000,1000000
2015-05-17 22:21:06.006000,1.14435,1.14431,1000000,1000000
2015-05-17 22:21:06.849000,1.14435,1.14430,3000000,1000000
2015-05-17 22:21:09.087000,1.14435,1.14431,1000000,1000000
2015-05-17 22:21:15.802000,1.14436,1.14431,1120000,1000000
2015-05-17 22:21:16.325000,1.14435,1.14431,1000000,1000000
2015-05-17 22:21:17.094000,1.14436,1.14431,1120000,1000000
2015-05-17 22:21:17.656000,1.14435,1.14431,1000000,1000000
2015-05-17 22:21:19.610000,1.14436,1.14431,1120000,1000000
2015-05-17 22:21:20.149000,1.14435,1.14431,1120000,1000000
2015-05-17 22:21:20.718000,1.14433,1.14431,1000000,1000000
2015-05-17 22:21:21.268000,1.14432,1.14430,1000000,1000000
2015-05-17 22:21:21.779000,1.14432,1.14430,1000000,1000000
2015-05-17 22:21:26.919000,1.14432,1.14429,1500000,3750000
2015-05-17 22:21:36,1.14432,1.14429,1000000,2250000
2015-05-17 22:21:36.051000,1.14432,1.14429,1000000,2250000
2015-05-17 22:21:36.950000,1.14433,1.14429,1000000,2250000
2015-05-17 22:21:37.001000,1.14433,1.14431,1000000,1000000
2015-05-17 22:21:37.528000,1.14432,1.14431,1000000,1000000
2015-05-17 22:21:37.823000,1.14427,1.14425,1000000,1870000
2015-05-17 22:21:37.874000,1.14429,1.14425,1000000,1120000
2015-05-17 22:21:37.976000,1.14427,1.14424,1000000,1250000
2015-05-17 22:21:38.482000,1.14427,1.14423,1000000,1500000
2015-05-17 22:21:40.312000,1.14427,1.14423,1000000,1500000
2015-05-17 22:21:41.619000,1.14426,1.14423,1500000,1500000
2015-05-17 22:21:42.132000,1.14425,1.14422,1500000,1000000
2015-05-17 22:21:45.357000,1.14428,1.14424,1000000,1000000
2015-05-17 22:21:46.471000,1.14429,1.14424,1000000,2700000
2015-05-17 22:21:47,1.14428,1.14424,1000000,2700000
2015-05-17 22:21:48.941000,1.14429,1.14424,1000000,2700000
2015-05-17 22:21:49.453000,1.14428,1.14424,1000000,2700000
2015-05-17 22:21:51.084000,1.14429,1.14424,1000000,2700000
2015-05-17 22:21:51.635000,1.14428,1.14424,1000000,2700000
2015-05-17 22:21:52.788000,1.14429,1.14424,1000000,2700000
2015-05-17 22:21:53.318000,1.14428,1.14424,1000000,2700000
2015-05-17 22:21:57.429000,1.14429,1.14424,1000000,2700000
2015-05-17 22:21:58.399000,1.14428,1.14424,1000000,2700000
2015-05-17 22:21:58.915000,1.14429,1.14424,1000000,2700000
2015-05-17 22:21:59.442000,1.14428,1.14424,1000000,2510000
2015-05-17 22:22:05.433000,1.14429,1.14424,1000000,2700000
2015-05-17 22:22:05.982000,1.14429,1.14425,1000000,1000000
2015-05-17 22:22:17.307000,1.14429,1.14427,1000000,1500000
2015-05-17 22:22:26.660000,1.14430,1.14427,1000000,1500000
2015-05-17 22:22:32.704000,1.14430,1.14427,1500000,1500000
2015-05-17 22:22:33.417000,1.14430,1.14427,1000000,1500000
2015-05-17 22:22:36.628000,1.14430,1.14427,1500000,1500000
2015-05-17 22:22:37.151000,1.14430,1.14427,1000000,1500000
2015-05-17 22:22:42.341000,1.14430,1.14427,1500000,1500000
2015-05-17 22:22:44.144000,1.14430,1.14427,1000000,1500000
2015-05-17 22:22:44.673000,1.14436,1.14427,1500000,1500000
2015-05-17 22:22:46.152000,1.14437,1.14427,3000000,1500000
2015-05-17 22:22:46.702000,1.14436,1.14427,1500000,1500000
2015-05-17 22:22:51.530000,1.14435,1.14427,1000000,1500000
2015-05-17 22:22:51.632000,1.14435,1.14425,2250000,1870000
2015-05-17 22:23:01.956000,1.14435,1.14427,1000000,1500000
2015-05-17 22:23:02.551000,1.14436,1.14427,1290000,1500000
2015-05-17 22:23:07.986000,1.14435,1.14427,1000000,1500000
2015-05-17 22:23:08.521000,1.14436,1.14427,1290000,1500000
2015-05-17 22:23:10.106000,1.14435,1.14427,1000000,1500000
2015-05-17 22:23:17.387000,1.14436,1.14427,1290000,1500000
2015-05-17 22:23:19.458000,1.14437,1.14428,2470000,1500000
2015-05-17 22:23:19.783000,1.14431,1.14429,1500000,1500000
2015-05-17 22:23:19.885000,1.14432,1.14429,1000000,1000000
2015-05-17 22:23:19.937000,1.14431,1.14428,1000000,1500000
2015-05-17 22:23:20.191000,1.14430,1.14426,1000000,1000000
2015-05-17 22:23:20.600000,1.14430,1.14426,1000000,1000000
2015-05-17 22:23:20.951000,1.14427,1.14424,1000000,1250000
2015-05-17 22:23:21.459000,1.14426,1.14423,1500000,1120000
2015-05-17 22:23:22.303000,1.14425,1.14423,1720000,1870000
2015-05-17 22:23:23.324000,1.14426,1.14423,1500000,1000000
2015-05-17 22:23:23.641000,1.14428,1.14424,1500000,1500000
2015-05-17 22:23:24.091000,1.14425,1.14423,1240000,1000000
2015-05-17 22:23:25.810000,1.14425,1.14423,1600000,1000000
2015-05-17 22:23:26.817000,1.14433,1.14423,1500000,1500000
2015-05-17 22:23:27.345000,1.14426,1.14423,1000000,1500000
2015-05-17 22:23:56.219000,1.14425,1.14422,1500000,1000000
2015-05-17 22:23:56.473000,1.14423,1.14419,1000000,2250000
2015-05-17 22:23:56.784000,1.14425,1.14419,1500000,1500000
2015-05-17 22:23:57.273000,1.14429,1.14419,2250000,1500000
2015-05-17 22:23:57.485000,1.14424,1.14419,1000000,2250000
2015-05-17 22:23:57.861000,1.14421,1.14418,1000000,1500000
2015-05-17 22:23:58.015000,1.14419,1.14415,1000000,1000000
2015-05-17 22:23:58.913000,1.14419,1.14415,1000000,1000000
2015-05-17 22:23:59.415000,1.14419,1.14415,1000000,1000000
2015-05-17 22:24:03.786000,1.14419,1.14415,1000000,1000000
2015-05-17 22:24:04.327000,1.14419,1.14415,1000000,1000000
2015-05-17 22:24:08.110000,1.14419,1.14415,1000000,1000000
2015-05-17 22:24:08.719000,1.14419,1.14415,1000000,1000000
2015-05-17 22:24:13.226000,1.14419,1.14415,1000000,1000000
2015-05-17 22:24:13.815000,1.14419,1.14415,1000000,1000000
2015-05-17 22:24:18.647000,1.14419,1.14416,1000000,1500000
2015-05-17 22:24:23.581000,1.14419,1.14415,1000000,1500000
2015-05-17 22:24:25.052000,1.14417,1.14412,1000000,2190000
2015-05-17 22:24:25.159000,1.14415,1.14411,1500000,1000000
2015-05-17 22:24:25.212000,1.14414,1.14411,1000000,1000000
2015-05-17 22:24:32.734000,1.14414,1.14411,1000000,1000000
2015-05-17 22:24:33.278000,1.14413,1.14411,1000000,1000000
2015-05-17 22:24:33.795000,1.14414,1.14411,1000000,1000000
2015-05-17 22:24:34.456000,1.14413,1.14411,1000000,1000000
2015-05-17 22:24:35.980000,1.14414,1.14410,1000000,1000000
2015-05-17 22:24:46.980000,1.14413,1.14409,1000000,5250000
2015-05-17 22:24:47.083000,1.14418,1.14409,1000000,5250000
2015-05-17 22:24:48.044000,1.14413,1.14409,1000000,5250000
2015-05-17 22:24:51.866000,1.14414,1.14409,1000000,3750000
2015-05-17 22:24:52.418000,1.14413,1.14409,1000000,5250000
2015-05-17 22:24:52.948000,1.14414,1.14409,1000000,3750000
2015-05-17 22:24:53.575000,1.14413,1.14409,1000000,5250000
2015-05-17 22:24:54.683000,1.14414,1.14409,1000000,5250000
2015-05-17 22:24:56.339000,1.14415,1.14409,1500000,3750000
2015-05-17 22:24:56.911000,1.14414,1.14409,1000000,5250000
