time,ask,bid,ask_volume,bid_volume
2016-07-03 21:04:01.810000,1.11397,1.11253,1000000,1000000
2016-07-03 21:04:30.230000,1.11400,1.11250,1000000,1000000
2016-07-03 21:04:42.324000,1.11400,1.11319,1500000,750000
2016-07-03 21:04:42.735000,1.11396,1.11324,1000000,1000000
2016-07-03 21:07:00.906000,1.11396,1.11327,1000000,1000000
2016-07-03 21:07:14.036000,1.11396,1.11328,1000000,1000000
2016-07-03 21:07:29.014000,1.11396,1.11329,1000000,1000000
2016-07-03 21:07:34.752000,1.11396,1.11328,1000000,1000000
2016-07-03 21:07:41.615000,1.11396,1.11330,1000000,1000000
2016-07-03 21:07:44.656000,1.11396,1.11325,1000000,1000000
2016-07-03 21:07:55.726000,1.11396,1.11330,1000000,1000000
2016-07-03 21:08:02.231000,1.11396,1.11331,1000000,1000000
2016-07-03 21:08:06.635000,1.11396,1.11324,1000000,1500000
2016-07-03 21:08:46.867000,1.11396,1.11325,1000000,1000000
2016-07-03 21:08:48.689000,1.11396,1.11324,1000000,1000000
2016-07-03 21:09:02.326000,1.11399,1.11320,2250000,1500000
2016-07-03 21:09:02.521000,1.11396,1.11324,1000000,1000000
2016-07-03 21:09:34.959000,1.11396,1.11325,1000000,1000000
2016-07-03 21:09:38.999000,1.11396,1.11327,1000000,1000000
2016-07-03 21:10:07.885000,1.11390,1.11330,1500000,3000000
2016-07-03 21:10:08.197000,1.11368,1.11334,1500000,2250000
2016-07-03 21:11:21.092000,1.11368,1.11345,1500000,1000000
2016-07-03 21:11:21.194000,1.11380,1.11347,1500000,1500000
2016-07-03 21:11:21.295000,1.11389,1.11351,1000000,1000000
2016-07-03 21:11:21.370000,1.11396,1.11352,1000000,1000000
2016-07-03 21:11:30.042000,1.11396,1.11353,1000000,1000000
2016-07-03 21:11:31.980000,1.11396,1.11352,1000000,1500000
2016-07-03 21:11:32.537000,1.11396,1.11353,1000000,1000000
2016-07-03 21:11:34.615000,1.11396,1.11352,1000000,1500000
2016-07-03 21:11:38.847000,1.11396,1.11354,1000000,1000000
2016-07-03 21:11:39.230000,1.11396,1.11357,1000000,1500000
2016-07-03 21:11:40.941000,1.11396,1.11361,1000000,1000000
2016-07-03 21:11:42.910000,1.11396,1.11357,1000000,2250000
2016-07-03 21:11:45.011000,1.11396,1.11360,1000000,1000000
2016-07-03 21:11:49.015000,1.11396,1.11361,1000000,1000000
2016-07-03 21:11:52.146000,1.11385,1.11361,1500000,1000000
2016-07-03 21:11:52.743000,1.11396,1.11361,1000000,1000000
2016-07-03 21:11:54.819000,1.11396,1.11360,1000000,1000000
2016-07-03 21:11:55.426000,1.11396,1.11356,1000000,1000000
2016-07-03 21:11:57.870000,1.11396,1.11354,1000000,1500000
2016-07-03 21:11:58.536000,1.11396,1.11353,1000000,1000000
2016-07-03 21:12:00.948000,1.11396,1.11355,1000000,1000000
2016-07-03 21:12:04.127000,1.11396,1.11356,1000000,1000000
2016-07-03 21:12:04.330000,1.11396,1.11354,1000000,1000000
2016-07-03 21:12:05.073000,1.11396,1.11356,1000000,1000000
2016-07-03 21:12:09.035000,1.11396,1.11353,1000000,1500000
2016-07-03 21:12:09.573000,1.11396,1.11354,1000000,1500000
2016-07-03 21:12:13.843000,1.11396,1.11359,1000000,1000000
2016-07-03 21:12:14.836000,1.11396,1.11358,1000000,1000000
2016-07-03 21:12:15.362000,1.11385,1.11358,1500000,1000000
2016-07-03 21:12:17.138000,1.11385,1.11354,1500000,1500000
2016-07-03 21:12:17.639000,1.11385,1.11353,1500000,1000000
2016-07-03 21:12:17.791000,1.11396,1.11353,1070000,1000000
2016-07-03 21:12:20.956000,1.11396,1.11355,1070000,1000000
2016-07-03 21:12:21.875000,1.11396,1.11354,1070000,1000000
2016-07-03 21:12:24.950000,1.11396,1.11356,1070000,1000000
2016-07-03 21:12:28.948000,1.11396,1.11357,1070000,1000000
2016-07-03 21:12:30.266000,1.11384,1.11357,1500000,1000000
2016-07-03 21:12:30.493000,1.11396,1.11357,1070000,1000000
2016-07-03 21:12:32.951000,1.11396,1.11358,1070000,1000000
2016-07-03 21:12:36.254000,1.11396,1.11355,1570000,1000000
2016-07-03 21:12:36.825000,1.11396,1.11354,1570000,1000000
2016-07-03 21:12:42.139000,1.11396,1.11352,1570000,1000000
2016-07-03 21:12:53.319000,1.11396,1.11351,1070000,1000000
2016-07-03 21:12:54.619000,1.11391,1.11351,1000000,1000000
2016-07-03 21:12:54.923000,1.11384,1.11341,1500000,1000000
2016-07-03 21:12:54.992000,1.11389,1.11341,3000000,1000000
2016-07-03 21:12:55.094000,1.11391,1.11341,1000000,1000000
2016-07-03 21:12:59.849000,1.11391,1.11342,1000000,1000000
2016-07-03 21:13:16.102000,1.11391,1.11343,1000000,1000000
2016-07-03 21:13:18.222000,1.11391,1.11338,1000000,1500000
2016-07-03 21:13:25.978000,1.11392,1.11338,1000000,2250000
2016-07-03 21:13:27.281000,1.11391,1.11338,1000000,2250000
2016-07-03 21:13:28.130000,1.11392,1.11338,1000000,2250000
2016-07-03 21:13:29.038000,1.11391,1.11338,1000000,2250000
2016-07-03 21:13:29.988000,1.11392,1.11338,1000000,2250000
2016-07-03 21:13:30.707000,1.11391,1.11338,1000000,2250000
2016-07-03 21:13:32.076000,1.11391,1.11339,1000000,1000000
2016-07-03 21:13:34.594000,1.11392,1.11339,1000000,1000000
2016-07-03 21:13:35.096000,1.11391,1.11339,1000000,1000000
2016-07-03 21:13:39.132000,1.11392,1.11339,1000000,1000000
2016-07-03 21:13:40.001000,1.11391,1.11339,1000000,1000000
2016-07-03 21:13:41.928000,1.11392,1.11339,1000000,1000000
2016-07-03 21:13:42.690000,1.11391,1.11339,1000000,1000000
2016-07-03 21:13:47.145000,1.11392,1.11339,1000000,1000000
2016-07-03 21:13:49.016000,1.11391,1.11339,1000000,1000000
2016-07-03 21:13:59.793000,1.11384,1.11338,1000000,1500000
2016-07-03 21:14:00.179000,1.11379,1.11338,1100000,1500000
2016-07-03 21:14:13.081000,1.11379,1.11339,1000000,1000000
2016-07-03 21:14:13.203000,1.11391,1.11339,1000000,1000000
2016-07-03 21:14:13.957000,1.11392,1.11339,1000000,1000000
2016-07-03 21:14:14.485000,1.11391,1.11339,1000000,1000000
2016-07-03 21:14:17.798000,1.11391,1.11338,1000000,1000000
2016-07-03 21:14:18.408000,1.11391,1.11339,1000000,1000000
2016-07-03 21:14:21.292000,1.11392,1.11339,1000000,1000000
2016-07-03 21:14:22.093000,1.11391,1.11339,1000000,1000000
2016-07-03 21:14:24.979000,1.11391,1.11340,1000000,1000000
2016-07-03 21:14:26.976000,1.11392,1.11340,1000000,1000000
2016-07-03 21:14:29.021000,1.11391,1.11340,1000000,1000000
2016-07-03 21:14:32.984000,1.11391,1.11341,1000000,1000000
2016-07-03 21:14:34.693000,1.11391,1.11342,1000000,1500000
2016-07-03 21:15:00.969000,1.11392,1.11342,1000000,1500000
2016-07-03 21:15:01.530000,1.11391,1.11342,1000000,1500000
2016-07-03 21:15:14.691000,1.11392,1.11342,1500000,1500000
2016-07-03 21:15:15.236000,1.11392,1.11341,1500000,1500000
2016-07-03 21:15:18.887000,1.11391,1.11341,1000000,1500000
2016-07-03 21:15:25.184000,1.11392,1.11341,1500000,1500000
2016-07-03 21:15:26.987000,1.11391,1.11341,1000000,1500000
2016-07-03 21:15:31.993000,1.11392,1.11341,1500000,1500000
2016-07-03 21:15:33.130000,1.11391,1.11341,1000000,1500000
2016-07-03 21:15:37.384000,1.11392,1.11341,1500000,1000000
2016-07-03 21:15:38.031000,1.11391,1.11341,1000000,1000000
2016-07-03 21:15:53.219000,1.11392,1.11341,1500000,1000000
2016-07-03 21:15:54.625000,1.11391,1.11341,1000000,1000000
2016-07-03 21:16:11.073000,1.11392,1.11341,1500000,1500000
2016-07-03 21:16:13.077000,1.11391,1.11341,1000000,1500000
2016-07-03 21:16:14.681000,1.11392,1.11341,1500000,1500000
2016-07-03 21:16:15.191000,1.11391,1.11341,1000000,1500000
2016-07-03 21:16:33.095000,1.11392,1.11341,1000000,1500000
2016-07-03 21:16:33.676000,1.11391,1.11341,1000000,1500000
2016-07-03 21:16:34.239000,1.11392,1.11341,1000000,1500000
2016-07-03 21:16:34.869000,1.11382,1.11340,1000000,1000000
2016-07-03 21:16:35.647000,1.11382,1.11339,1000000,2250000
2016-07-03 21:16:36.377000,1.11383,1.11339,1000000,1500000
2016-07-03 21:16:37.169000,1.11382,1.11339,1000000,2250000
2016-07-03 21:16:38.971000,1.11383,1.11339,1000000,1500000
2016-07-03 21:16:39.769000,1.11382,1.11339,1000000,2250000
2016-07-03 21:16:43.926000,1.11383,1.11339,1000000,1500000
2016-07-03 21:16:44.481000,1.11382,1.11339,1000000,2250000
2016-07-03 21:16:45.222000,1.11383,1.11339,1000000,1500000
2016-07-03 21:16:45.323000,1.11383,1.11337,1000000,1500000
2016-07-03 21:16:45.563000,1.11383,1.11335,1000000,1000000
2016-07-03 21:16:48.302000,1.11383,1.11334,1000000,2250000
2016-07-03 21:16:48.816000,1.11383,1.11335,1000000,1000000
2016-07-03 21:16:49.204000,1.11385,1.11335,1500000,1000000
2016-07-03 21:16:49.305000,1.11388,1.11334,1500000,1500000
2016-07-03 21:16:54.816000,1.11388,1.11333,1500000,2250000
2016-07-03 21:17:05.361000,1.11389,1.11333,1000000,1500000
2016-07-03 21:17:06.038000,1.11388,1.11333,1000000,2250000
2016-07-03 21:17:12.376000,1.11388,1.11332,1000000,1000000
2016-07-03 21:17:13.052000,1.11389,1.11332,1000000,1000000
2016-07-03 21:17:13.674000,1.11388,1.11332,1000000,1000000
2016-07-03 21:17:14.852000,1.11388,1.11330,1000000,2250000
2016-07-03 21:17:33.287000,1.11389,1.11330,1000000,3000000
2016-07-03 21:17:34.653000,1.11385,1.11330,1500000,1000000
2016-07-03 21:17:35.014000,1.11381,1.11328,1000000,3000000
2016-07-03 21:17:38.791000,1.11381,1.11330,1000000,1000000
2016-07-03 21:17:48.313000,1.11386,1.11335,1500000,1000000
2016-07-03 21:17:53.060000,1.11386,1.11337,1000000,1000000
2016-07-03 21:17:53.162000,1.11386,1.11335,1000000,1500000
2016-07-03 21:17:54.540000,1.11391,1.11335,1500000,1500000
2016-07-03 21:17:54.692000,1.11393,1.11335,1500000,1500000
2016-07-03 21:18:00.304000,1.11392,1.11335,1000000,1500000
2016-07-03 21:18:12.977000,1.11392,1.11336,1000000,1000000
2016-07-03 21:18:15.686000,1.11393,1.11336,1000000,1000000
2016-07-03 21:18:24.293000,1.11392,1.11336,1000000,1000000
2016-07-03 21:18:40.330000,1.11393,1.11336,1500000,1000000
2016-07-03 21:19:00.436000,1.11380,1.11338,750000,1000000
2016-07-03 21:19:00.739000,1.11374,1.11338,1500000,1000000
2016-07-03 21:19:00.992000,1.11373,1.11335,1500000,1000000
2016-07-03 21:19:01.578000,1.11379,1.11337,1000000,1000000
2016-07-03 21:19:01.680000,1.11384,1.11337,1500000,1000000
2016-07-03 21:19:01.782000,1.11388,1.11338,1500000,1000000
2016-07-03 21:19:01.884000,1.11393,1.11338,1500000,1000000
2016-07-03 21:19:03.819000,1.11393,1.11337,1500000,1500000
2016-07-03 21:19:06.522000,1.11393,1.11338,1500000,1000000
2016-07-03 21:19:09.954000,1.11381,1.11337,1000000,1500000
2016-07-03 21:19:10.208000,1.11385,1.11336,1500000,1500000
2016-07-03 21:19:10.258000,1.11385,1.11338,1000000,1000000
2016-07-03 21:19:10.309000,1.11392,1.11338,1500000,1000000
2016-07-03 21:19:10.946000,1.11393,1.11338,1000000,1000000
2016-07-03 21:19:22.566000,1.11381,1.11339,1000000,1000000
2016-07-03 21:19:22.667000,1.11380,1.11337,1000000,1500000
2016-07-03 21:19:22.718000,1.11376,1.11337,1500000,1500000
2016-07-03 21:19:22.819000,1.11385,1.11339,1500000,1000000
2016-07-03 21:19:22.927000,1.11391,1.11339,1000000,1000000
2016-07-03 21:19:23.028000,1.11393,1.11339,1000000,1000000
2016-07-03 21:19:32.530000,1.11385,1.11339,1000000,1000000
2016-07-03 21:19:32.834000,1.11383,1.11338,1000000,1000000
2016-07-03 21:19:33.036000,1.11388,1.11338,2250000,1500000
2016-07-03 21:19:33.306000,1.11384,1.11337,1000000,3000000
2016-07-03 21:19:33.530000,1.11388,1.11339,1500000,1000000
2016-07-03 21:19:33.632000,1.11383,1.11338,1000000,1500000
2016-07-03 21:19:33.682000,1.11385,1.11339,1000000,1000000
2016-07-03 21:19:33.834000,1.11387,1.11339,1000000,1000000
2016-07-03 21:19:33.885000,1.11382,1.11339,1000000,1000000
2016-07-03 21:19:34.037000,1.11388,1.11339,1000000,1000000
2016-07-03 21:19:34.088000,1.11384,1.11338,1000000,1000000
2016-07-03 21:19:34.190000,1.11386,1.11339,1000000,1000000
2016-07-03 21:19:34.392000,1.11382,1.11338,1000000,1000000
2016-07-03 21:19:34.544000,1.11388,1.11339,1500000,1000000
2016-07-03 21:19:34.595000,1.11383,1.11339,1000000,1000000
2016-07-03 21:19:34.991000,1.11377,1.11339,1500000,1000000
2016-07-03 21:19:38.746000,1.11377,1.11338,1500000,1500000
2016-07-03 21:19:38.904000,1.11386,1.11339,1500000,1000000
2016-07-03 21:19:39.005000,1.11383,1.11339,1000000,1000000
2016-07-03 21:19:39.208000,1.11388,1.11339,1500000,1000000
2016-07-03 21:19:39.258000,1.11385,1.11338,1000000,1500000
2016-07-03 21:19:39.513000,1.11392,1.11339,1500000,1000000
2016-07-03 21:19:39.564000,1.11386,1.11339,1000000,1000000
2016-07-03 21:19:39.741000,1.11388,1.11339,1500000,1000000
2016-07-03 21:19:39.792000,1.11383,1.11339,1000000,1000000
2016-07-03 21:19:40.146000,1.11377,1.11339,1500000,1000000
2016-07-03 21:19:40.519000,1.11385,1.11339,1500000,1000000
2016-07-03 21:19:40.620000,1.11383,1.11339,1000000,1000000
2016-07-03 21:19:40.823000,1.11387,1.11339,1000000,1000000
2016-07-03 21:19:41.126000,1.11384,1.11339,1000000,1000000
2016-07-03 21:19:41.338000,1.11386,1.11339,1000000,1000000
2016-07-03 21:19:41.440000,1.11383,1.11339,1000000,1000000
2016-07-03 21:19:41.773000,1.11377,1.11339,1500000,1000000
2016-07-03 21:19:43.605000,1.11386,1.11339,1000000,1000000
2016-07-03 21:19:43.656000,1.11390,1.11339,1500000,1000000
2016-07-03 21:19:43.757000,1.11393,1.11339,1500000,1000000
2016-07-03 21:19:44.577000,1.11393,1.11338,1500000,1000000
2016-07-03 21:19:47.759000,1.11393,1.11339,1500000,1000000
2016-07-03 21:20:00.785000,1.11385,1.11339,1500000,1000000
2016-07-03 21:20:08.377000,1.11385,1.11338,1500000,1000000
2016-07-03 21:20:08.478000,1.11387,1.11334,1500000,1000000
2016-07-03 21:20:08.883000,1.11390,1.11334,3000000,1000000
2016-07-03 21:20:14.645000,1.11393,1.11334,1500000,1000000
2016-07-03 21:20:20.436000,1.11392,1.11334,1000000,1000000
2016-07-03 21:20:23.746000,1.11392,1.11335,1000000,1000000
2016-07-03 21:20:44.456000,1.11393,1.11335,1000000,1000000
2016-07-03 21:20:52.463000,1.11392,1.11335,1000000,1000000
2016-07-03 21:21:00.463000,1.11393,1.11335,1000000,1000000
2016-07-03 21:21:08.437000,1.11392,1.11335,1000000,1000000
2016-07-03 21:21:16.470000,1.11393,1.11335,1000000,1000000
2016-07-03 21:21:24.437000,1.11392,1.11335,1000000,1000000
2016-07-03 21:21:32.477000,1.11394,1.11335,3000000,1000000
2016-07-03 21:21:40.440000,1.11392,1.11335,1000000,1000000
2016-07-03 21:21:48.460000,1.11394,1.11335,3000000,1000000
2016-07-03 21:21:56.439000,1.11393,1.11335,1000000,1000000
2016-07-03 21:22:04.459000,1.11394,1.11335,1500000,1000000
2016-07-03 21:22:12.490000,1.11393,1.11335,1000000,1000000
2016-07-03 21:22:20.464000,1.11394,1.11335,2250000,1000000
2016-07-03 21:22:28.437000,1.11393,1.11335,1000000,1000000
2016-07-03 21:22:36.497000,1.11394,1.11335,2250000,1000000
2016-07-03 21:22:40.914000,1.11393,1.11335,1000000,1000000
2016-07-03 21:23:13.071000,1.11365,1.11335,750000,1000000
2016-07-03 21:23:13.377000,1.11298,1.11282,1000000,2630000
2016-07-03 21:23:13.428000,1.11298,1.11262,1000000,1000000
2016-07-03 21:23:13.480000,1.11299,1.11255,1000000,2250000
2016-07-03 21:23:13.531000,1.11299,1.11262,1000000,1000000
2016-07-03 21:23:13.633000,1.11300,1.11257,2250000,1500000
2016-07-03 21:23:13.684000,1.11288,1.11257,1000000,1500000
2016-07-03 21:23:13.786000,1.11287,1.11252,1000000,1000000
2016-07-03 21:23:13.837000,1.11287,1.11250,1000000,1000000
2016-07-03 21:23:13.888000,1.11294,1.11257,1500000,1000000
2016-07-03 21:23:14.144000,1.11302,1.11260,2250000,1000000
2016-07-03 21:23:14.195000,1.11294,1.11260,1000000,1000000
2016-07-03 21:23:14.668000,1.11296,1.11260,1000000,1500000
2016-07-03 21:23:14.820000,1.11296,1.11260,1000000,2250000
2016-07-03 21:23:14.922000,1.11301,1.11260,1000000,1000000
2016-07-03 21:23:15.075000,1.11295,1.11260,1000000,1000000
2016-07-03 21:23:15.176000,1.11300,1.11260,2250000,1500000
2016-07-03 21:23:15.584000,1.11295,1.11260,1000000,2250000
2016-07-03 21:23:15.889000,1.11299,1.11260,1000000,1500000
2016-07-03 21:23:15.940000,1.11299,1.11260,1000000,1000000
2016-07-03 21:23:16.464000,1.11300,1.11260,2250000,1000000
2016-07-03 21:23:16.515000,1.11295,1.11260,1000000,1000000
2016-07-03 21:23:16.825000,1.11295,1.11259,1000000,1750000
2016-07-03 21:23:31.591000,1.11301,1.11259,1500000,1750000
2016-07-03 21:23:31.642000,1.11301,1.11259,1500000,1000000
2016-07-03 21:23:31.698000,1.11294,1.11259,1000000,1000000
2016-07-03 21:23:31.850000,1.11298,1.11260,1000000,1000000
2016-07-03 21:23:31.908000,1.11295,1.11260,1500000,1000000
2016-07-03 21:23:32.358000,1.11304,1.11261,1500000,1000000
2016-07-03 21:23:32.409000,1.11296,1.11261,1000000,1500000
2016-07-03 21:24:23.675000,1.11295,1.11260,1000000,1750000
2016-07-03 21:25:01.203000,1.11301,1.11260,1000000,1000000
2016-07-03 21:25:01.405000,1.11306,1.11260,1000000,2250000
2016-07-03 21:25:01.456000,1.11303,1.11260,1000000,5250000
2016-07-03 21:25:01.777000,1.11303,1.11262,1000000,1500000
2016-07-03 21:25:01.973000,1.11309,1.11265,1000000,1000000
2016-07-03 21:25:02.024000,1.11312,1.11265,1500000,1000000
2016-07-03 21:25:02.379000,1.11317,1.11265,1000000,1500000
2016-07-03 21:25:02.430000,1.11317,1.11267,1000000,1000000
2016-07-03 21:25:02.937000,1.11316,1.11268,1000000,1000000
2016-07-03 21:25:03.295000,1.11316,1.11270,1000000,1000000
2016-07-03 21:25:03.347000,1.11318,1.11270,1000000,1000000
2016-07-03 21:25:10.096000,1.11318,1.11269,1000000,1500000
2016-07-03 21:25:10.745000,1.11319,1.11269,1000000,2250000
2016-07-03 21:25:11.902000,1.11319,1.11270,1000000,1000000
2016-07-03 21:25:13.396000,1.11318,1.11270,1000000,1000000
2016-07-03 21:25:16.434000,1.11318,1.11271,1000000,1500000
2016-07-03 21:25:17.722000,1.11319,1.11271,1000000,1500000
2016-07-03 21:25:18.365000,1.11318,1.11271,1000000,1500000
2016-07-03 21:25:20.678000,1.11319,1.11271,1000000,1500000
2016-07-03 21:25:22.116000,1.11318,1.11271,1000000,1500000
2016-07-03 21:25:27.996000,1.11318,1.11272,1000000,1000000
2016-07-03 21:25:32.051000,1.11318,1.11273,1000000,1000000
2016-07-03 21:25:46.024000,1.11319,1.11273,1000000,1000000
2016-07-03 21:25:47.026000,1.11318,1.11273,1000000,1000000
2016-07-03 21:26:01.126000,1.11318,1.11285,1000000,750000
2016-07-03 21:26:01.430000,1.11351,1.11330,1000000,750000
2016-07-03 21:26:01.582000,1.11368,1.11346,2020000,1000000
2016-07-03 21:26:01.633000,1.11380,1.11345,1000000,1000000
2016-07-03 21:26:01.684000,1.11390,1.11355,1070000,3750000
2016-07-03 21:26:02.086000,1.11390,1.11360,1070000,3750000
2016-07-03 21:26:02.204000,1.11390,1.11352,1070000,2250000
2016-07-03 21:26:07.958000,1.11390,1.11352,1100000,2250000
2016-07-03 21:26:08.009000,1.11392,1.11345,1570000,1000000
2016-07-03 21:26:15.953000,1.11391,1.11342,1570000,2250000
2016-07-03 21:26:16.004000,1.11390,1.11350,1100000,3750000
2016-07-03 21:26:18.446000,1.11371,1.11350,2250000,3750000
2016-07-03 21:26:18.750000,1.11358,1.11327,2250000,750000
2016-07-03 21:26:18.852000,1.11358,1.11314,2250000,1000000
2016-07-03 21:26:20.032000,1.11358,1.11311,2250000,2250000
2016-07-03 21:26:20.083000,1.11356,1.11311,2250000,2250000
2016-07-03 21:26:20.247000,1.11357,1.11307,1500000,1500000
2016-07-03 21:26:24.951000,1.11351,1.11307,2250000,1500000
2016-07-03 21:26:25.103000,1.11354,1.11307,1000000,1000000
2016-07-03 21:26:25.741000,1.11354,1.11306,1500000,1000000
2016-07-03 21:26:32.258000,1.11346,1.11304,2250000,1000000
2016-07-03 21:26:32.360000,1.11347,1.11302,1000000,2250000
2016-07-03 21:26:32.411000,1.11351,1.11302,1500000,2250000
2016-07-03 21:26:34.664000,1.11348,1.11302,1000000,1000000
2016-07-03 21:26:37.261000,1.11343,1.11302,2250000,1000000
2016-07-03 21:26:37.414000,1.11347,1.11301,1500000,2250000
2016-07-03 21:26:42.305000,1.11340,1.11301,2250000,2250000
2016-07-03 21:26:42.356000,1.11340,1.11297,2250000,3000000
2016-07-03 21:26:42.407000,1.11342,1.11297,1000000,3000000
2016-07-03 21:26:43.810000,1.11334,1.11297,2250000,2250000
2016-07-03 21:26:43.861000,1.11334,1.11292,2250000,1500000
2016-07-03 21:26:43.912000,1.11332,1.11292,2250000,1000000
2016-07-03 21:26:44.426000,1.11332,1.11291,2250000,1000000
2016-07-03 21:26:46.902000,1.11331,1.11291,2250000,1000000
2016-07-03 21:26:47.999000,1.11331,1.11290,3000000,3750000
2016-07-03 21:26:48.050000,1.11328,1.11286,2250000,2250000
2016-07-03 21:26:48.101000,1.11330,1.11286,2250000,2250000
2016-07-03 21:26:48.202000,1.11327,1.11286,2250000,2250000
2016-07-03 21:26:50.920000,1.11326,1.11286,2250000,2250000
2016-07-03 21:26:54.988000,1.11325,1.11286,2250000,2250000
2016-07-03 21:26:55.097000,1.11329,1.11286,1500000,2250000
2016-07-03 21:26:57.286000,1.11323,1.11286,2250000,2250000
2016-07-03 21:27:00.181000,1.11327,1.11286,1500000,1500000
2016-07-03 21:27:00.282000,1.11331,1.11286,1500000,2250000
2016-07-03 21:27:04.909000,1.11333,1.11286,1500000,2250000
2016-07-03 21:27:05.138000,1.11329,1.11286,1000000,2250000
2016-07-03 21:27:07.616000,1.11327,1.11286,1000000,2250000
2016-07-03 21:27:08.142000,1.11326,1.11286,1000000,2250000
2016-07-03 21:27:09.023000,1.11327,1.11286,1000000,2250000
2016-07-03 21:27:10.916000,1.11324,1.11286,1000000,2250000
2016-07-03 21:27:15.027000,1.11323,1.11286,1000000,2250000
2016-07-03 21:27:19.033000,1.11322,1.11286,1000000,2250000
2016-07-03 21:27:21.251000,1.11330,1.11286,1500000,2250000
2016-07-03 21:27:21.403000,1.11333,1.11286,1000000,2250000
2016-07-03 21:27:25.845000,1.11331,1.11286,1000000,2250000
2016-07-03 21:27:30.349000,1.11330,1.11286,1500000,2250000
2016-07-03 21:27:31.830000,1.11331,1.11286,2250000,1500000
2016-07-03 21:27:32.360000,1.11330,1.11286,2250000,2250000
2016-07-03 21:27:34.053000,1.11329,1.11286,1500000,2250000
2016-07-03 21:27:38.934000,1.11328,1.11286,1500000,2250000
2016-07-03 21:27:50.977000,1.11326,1.11286,1500000,1500000
2016-07-03 21:27:54.685000,1.11328,1.11286,1500000,2250000
2016-07-03 21:27:56.049000,1.11324,1.11286,1000000,2250000
2016-07-03 21:27:56.887000,1.11325,1.11286,1500000,2250000
2016-07-03 21:28:00.988000,1.11327,1.11286,1500000,2250000
2016-07-03 21:28:04.994000,1.11329,1.11286,3750000,2250000
2016-07-03 21:28:05.045000,1.11324,1.11286,1000000,2250000
2016-07-03 21:28:05.574000,1.11323,1.11286,1500000,2250000
2016-07-03 21:28:08.988000,1.11324,1.11286,1500000,2250000
2016-07-03 21:28:10.948000,1.11323,1.11286,1000000,2250000
2016-07-03 21:28:11.657000,1.11322,1.11286,1500000,2250000
2016-07-03 21:28:11.708000,1.11328,1.11286,3000000,2250000
2016-07-03 21:28:15.804000,1.11331,1.11286,1500000,2250000
2016-07-03 21:28:17.573000,1.11330,1.11286,1500000,1500000
2016-07-03 21:28:17.675000,1.11333,1.11286,1500000,2250000
2016-07-03 21:28:19.806000,1.11332,1.11286,1500000,2250000
2016-07-03 21:28:21.883000,1.11333,1.11286,1500000,2250000
2016-07-03 21:28:23.961000,1.11329,1.11286,1000000,2250000
2016-07-03 21:28:24.311000,1.11327,1.11286,1500000,1000000
2016-07-03 21:28:25.217000,1.11328,1.11285,1500000,3000000
2016-07-03 21:28:25.806000,1.11328,1.11286,1500000,2250000
2016-07-03 21:28:33,1.11327,1.11286,1500000,2250000
2016-07-03 21:28:36.583000,1.11331,1.11286,1500000,1500000
2016-07-03 21:28:36.926000,1.11335,1.11286,3750000,2250000
2016-07-03 21:28:42.006000,1.11332,1.11286,1500000,2250000
2016-07-03 21:28:45.995000,1.11330,1.11286,1500000,2250000
2016-07-03 21:28:51.904000,1.11329,1.11286,1500000,1500000
2016-07-03 21:28:56.038000,1.11328,1.11286,1500000,2250000
2016-07-03 21:28:56.139000,1.11332,1.11286,3000000,2250000
2016-07-03 21:28:58.305000,1.11329,1.11287,1500000,1500000
2016-07-03 21:29:03.042000,1.11328,1.11287,1500000,2250000
2016-07-03 21:29:10.718000,1.11332,1.11287,1500000,2250000
2016-07-03 21:29:10.819000,1.11335,1.11287,1500000,2250000
2016-07-03 21:29:11.329000,1.11336,1.11287,1000000,3000000
2016-07-03 21:29:18.821000,1.11335,1.11287,1500000,3000000
2016-07-03 21:29:22.349000,1.11331,1.11287,2250000,3000000
2016-07-03 21:29:26.863000,1.11332,1.11289,2250000,2250000
2016-07-03 21:29:27.427000,1.11331,1.11289,1500000,2250000
2016-07-03 21:29:30.168000,1.11330,1.11289,1500000,2250000
2016-07-03 21:29:30.271000,1.11332,1.11289,1500000,2250000
2016-07-03 21:29:30.565000,1.11334,1.11289,1500000,2250000
2016-07-03 21:29:34.625000,1.11336,1.11289,1000000,2250000
2016-07-03 21:29:35.138000,1.11337,1.11289,2250000,1500000
2016-07-03 21:29:36.831000,1.11335,1.11289,1500000,2250000
2016-07-03 21:29:40.035000,1.11334,1.11289,1500000,1500000
2016-07-03 21:29:44.938000,1.11333,1.11289,1500000,1500000
2016-07-03 21:29:47,1.11332,1.11289,1500000,2250000
2016-07-03 21:29:47.651000,1.11331,1.11289,1500000,2250000
2016-07-03 21:29:49.072000,1.11332,1.11289,2250000,2250000
2016-07-03 21:29:53.745000,1.11330,1.11289,1500000,2250000
2016-07-03 21:29:53.847000,1.11332,1.11289,1000000,1500000
2016-07-03 21:29:54.584000,1.11331,1.11289,1500000,1000000
2016-07-03 21:29:55.118000,1.11331,1.11288,1500000,2250000
2016-07-03 21:29:57.858000,1.11330,1.11289,1500000,1500000
2016-07-03 21:30:00.193000,1.11334,1.11289,3000000,1500000
2016-07-03 21:30:00.294000,1.11332,1.11289,1500000,2250000
2016-07-03 21:30:00.665000,1.11334,1.11289,1500000,2250000
2016-07-03 21:30:01.222000,1.11335,1.11289,1000000,1500000
2016-07-03 21:30:06.606000,1.11337,1.11290,1500000,1000000
2016-07-03 21:30:06.657000,1.11338,1.11293,3000000,2250000
2016-07-03 21:30:07.760000,1.11336,1.11293,1500000,1500000
2016-07-03 21:30:10.783000,1.11337,1.11293,1500000,2250000
2016-07-03 21:30:14.866000,1.11336,1.11293,1500000,2250000
2016-07-03 21:30:18.970000,1.11335,1.11293,1500000,2250000
2016-07-03 21:30:20.913000,1.11334,1.11293,1500000,2250000
2016-07-03 21:30:21.909000,1.11339,1.11293,1000000,2250000
2016-07-03 21:30:23.296000,1.11340,1.11293,2250000,2250000
2016-07-03 21:30:25.065000,1.11341,1.11293,1000000,2250000
2016-07-03 21:30:25.933000,1.11340,1.11293,1000000,2250000
2016-07-03 21:30:31.907000,1.11338,1.11293,1500000,2250000
2016-07-03 21:30:39.027000,1.11336,1.11293,1500000,2250000
2016-07-03 21:30:43.295000,1.11335,1.11293,1500000,2250000
2016-07-03 21:30:44.994000,1.11334,1.11293,1500000,1500000
2016-07-03 21:30:46.035000,1.11335,1.11293,1500000,2250000
2016-07-03 21:30:48.686000,1.11332,1.11293,1000000,2250000
2016-07-03 21:30:48.991000,1.11328,1.11291,1500000,1100000
2016-07-03 21:30:53.028000,1.11327,1.11291,1500000,1100000
2016-07-03 21:30:56.937000,1.11325,1.11291,1500000,1100000
2016-07-03 21:30:57.480000,1.11326,1.11291,1500000,1100000
2016-07-03 21:31:05.051000,1.11324,1.11290,1500000,1070000
2016-07-03 21:31:11.915000,1.11323,1.11291,1500000,1100000
2016-07-03 21:31:13.837000,1.11322,1.11291,1500000,1100000
2016-07-03 21:31:16.835000,1.11323,1.11291,1500000,1100000
2016-07-03 21:31:20.974000,1.11324,1.11291,2250000,1100000
2016-07-03 21:31:21.274000,1.11324,1.11285,2250000,1000000
2016-07-03 21:31:22.215000,1.11323,1.11285,1000000,1000000
2016-07-03 21:31:22.744000,1.11322,1.11285,1500000,1000000
2016-07-03 21:31:24.934000,1.11321,1.11285,1500000,1000000
2016-07-03 21:31:33.074000,1.11320,1.11285,1500000,1000000
2016-07-03 21:31:33.176000,1.11324,1.11285,1500000,1000000
2016-07-03 21:31:33.358000,1.11327,1.11285,1500000,1000000
2016-07-03 21:31:34.046000,1.11328,1.11285,1500000,1000000
2016-07-03 21:31:34.699000,1.11329,1.11285,1000000,1000000
2016-07-03 21:31:38.745000,1.11328,1.11285,1500000,1000000
2016-07-03 21:31:39.264000,1.11329,1.11285,2250000,1000000
2016-07-03 21:31:40.930000,1.11328,1.11285,1000000,1000000
2016-07-03 21:31:41.661000,1.11327,1.11285,1500000,1000000
2016-07-03 21:31:42.391000,1.11328,1.11285,1500000,1000000
2016-07-03 21:31:50.190000,1.11327,1.11285,1500000,1000000
2016-07-03 21:31:56.843000,1.11326,1.11285,1000000,1000000
2016-07-03 21:31:57.511000,1.11325,1.11285,1500000,1000000
2016-07-03 21:32:00.864000,1.11326,1.11285,2250000,1000000
2016-07-03 21:32:04.989000,1.11324,1.11285,1500000,1000000
2016-07-03 21:32:05.726000,1.11323,1.11285,1500000,1000000
2016-07-03 21:32:09.098000,1.11329,1.11285,1500000,1000000
2016-07-03 21:32:09.729000,1.11330,1.11285,1500000,1000000
2016-07-03 21:32:14.665000,1.11332,1.11285,2250000,1000000
2016-07-03 21:32:15.587000,1.11332,1.11291,2250000,1100000
2016-07-03 21:32:16.126000,1.11331,1.11291,1500000,1100000
2016-07-03 21:32:24.967000,1.11330,1.11291,1000000,1100000
2016-07-03 21:32:25.521000,1.11329,1.11291,1500000,1100000
2016-07-03 21:32:28.622000,1.11327,1.11291,1500000,1100000
2016-07-03 21:32:32.538000,1.11326,1.11291,1500000,1100000
2016-07-03 21:32:35.511000,1.11327,1.11291,2250000,1100000
2016-07-03 21:32:35.903000,1.11325,1.11291,1500000,1100000
2016-07-03 21:32:36.535000,1.11326,1.11291,2250000,1100000
2016-07-03 21:32:39.640000,1.11330,1.11291,3000000,1100000
2016-07-03 21:32:41.482000,1.11326,1.11291,1000000,1100000
2016-07-03 21:32:45.966000,1.11327,1.11291,1000000,1100000
2016-07-03 21:32:46.017000,1.11330,1.11291,3000000,1100000
2016-07-03 21:32:47.558000,1.11324,1.11291,1500000,1100000
2016-07-03 21:32:51.727000,1.11323,1.11291,1500000,1100000
2016-07-03 21:32:56.067000,1.11322,1.11291,1500000,1100000
2016-07-03 21:32:57.735000,1.11323,1.11290,1500000,1070000
2016-07-03 21:33:02.966000,1.11324,1.11290,2250000,1070000
2016-07-03 21:33:06.963000,1.11323,1.11291,1500000,1100000
2016-07-03 21:33:07.041000,1.11329,1.11291,1500000,1100000
2016-07-03 21:33:07.588000,1.11328,1.11291,1500000,1100000
2016-07-03 21:33:07.710000,1.11323,1.11291,1000000,1100000
2016-07-03 21:33:08.312000,1.11322,1.11291,1500000,1100000
2016-07-03 21:33:08.862000,1.11327,1.11291,1500000,1100000
2016-07-03 21:33:10.153000,1.11321,1.11291,1500000,1100000
2016-07-03 21:33:11.887000,1.11320,1.11291,1500000,1100000
2016-07-03 21:33:12.868000,1.11321,1.11291,1000000,1100000
2016-07-03 21:33:12.918000,1.11326,1.11291,1500000,1100000
2016-07-03 21:33:14.226000,1.11319,1.11291,1000000,1100000
2016-07-03 21:33:14.753000,1.11318,1.11291,1500000,1100000
2016-07-03 21:33:18.322000,1.11319,1.11291,1500000,1100000
2016-07-03 21:33:18.865000,1.11320,1.11291,1500000,1100000
2016-07-03 21:33:23.084000,1.11323,1.11291,1000000,1100000
2016-07-03 21:33:23.136000,1.11331,1.11291,1000000,1100000
2016-07-03 21:33:25.606000,1.11334,1.11290,1500000,1070000
2016-07-03 21:33:29.754000,1.11335,1.11291,2250000,1100000
2016-07-03 21:33:49.576000,1.11336,1.11290,2250000,1070000
2016-07-03 21:33:54.794000,1.11339,1.11291,2250000,1100000
2016-07-03 21:34:14.538000,1.11340,1.11291,2250000,1000000
2016-07-03 21:34:34.540000,1.11341,1.11291,1500000,1000000
2016-07-03 21:34:54.538000,1.11343,1.11291,1000000,1570000
2016-07-03 21:35:00.378000,1.11344,1.11291,1000000,1100000
2016-07-03 21:35:24.094000,1.11345,1.11291,3000000,1570000
2016-07-03 21:36:19.623000,1.11343,1.11291,1000000,1100000
2016-07-03 21:36:55.871000,1.11344,1.11291,1500000,1100000
2016-07-03 21:38:43.379000,1.11344,1.11285,1000000,1500000
2016-07-03 21:38:53.851000,1.11344,1.11287,1500000,1000000
2016-07-03 21:38:54.203000,1.11344,1.11291,1500000,1100000
2016-07-03 21:39:14.544000,1.11345,1.11291,1000000,1100000
2016-07-03 21:40:06.029000,1.11344,1.11291,1000000,1100000
2016-07-03 21:40:06.533000,1.11345,1.11291,1000000,1100000
2016-07-03 21:40:19.052000,1.11344,1.11291,1000000,1100000
2016-07-03 21:40:23.841000,1.11345,1.11291,1500000,1100000
2016-07-03 21:40:27.990000,1.11344,1.11291,1000000,1100000
2016-07-03 21:40:49.576000,1.11345,1.11291,1500000,1100000
2016-07-03 21:40:54.730000,1.11344,1.11291,1500000,1100000
2016-07-03 21:40:55.312000,1.11345,1.11291,1500000,1100000
2016-07-03 21:40:55.952000,1.11344,1.11291,1000000,1100000
2016-07-03 21:41:14.673000,1.11345,1.11291,1500000,1100000
2016-07-03 21:41:19.185000,1.11344,1.11285,1000000,1000000
2016-07-03 21:41:22.004000,1.11345,1.11285,3000000,1000000
2016-07-03 21:41:22.530000,1.11344,1.11285,1000000,1000000
2016-07-03 21:41:24.172000,1.11345,1.11285,3750000,1000000
2016-07-03 21:41:24.682000,1.11344,1.11285,1000000,1000000
2016-07-03 21:41:26.477000,1.11345,1.11285,3750000,1000000
2016-07-03 21:41:26.994000,1.11344,1.11285,1000000,1000000
2016-07-03 21:41:27.983000,1.11345,1.11285,3750000,1000000
2016-07-03 21:41:28.504000,1.11344,1.11285,1000000,1000000
2016-07-03 21:41:31.220000,1.11345,1.11285,3750000,1000000
2016-07-03 21:41:31.736000,1.11344,1.11285,1000000,1000000
2016-07-03 21:41:32.687000,1.11345,1.11285,3750000,1000000
2016-07-03 21:41:33.238000,1.11344,1.11285,1000000,1000000
2016-07-03 21:41:34.609000,1.11342,1.11285,1000000,1000000
2016-07-03 21:41:46.869000,1.11341,1.11285,1000000,1000000
2016-07-03 21:42:21,1.11342,1.11285,1000000,1000000
2016-07-03 21:42:21.582000,1.11343,1.11285,1000000,1000000
2016-07-03 21:42:27.999000,1.11341,1.11285,1000000,1000000
2016-07-03 21:42:36.021000,1.11342,1.11285,1000000,1000000
2016-07-03 21:42:45.216000,1.11335,1.11285,1000000,1000000
2016-07-03 21:42:45.520000,1.11324,1.11283,1000000,1100000
2016-07-03 21:42:53.321000,1.11323,1.11283,1000000,1100000
2016-07-03 21:43:06.090000,1.11325,1.11285,1100000,1000000
2016-07-03 21:43:06.366000,1.11328,1.11285,1000000,1000000
2016-07-03 21:43:06.430000,1.11333,1.11285,1500000,1000000
2016-07-03 21:43:06.532000,1.11339,1.11285,1500000,1000000
2016-07-03 21:43:06.633000,1.11342,1.11285,2250000,1000000
2016-07-03 21:43:14.750000,1.11345,1.11285,1000000,1000000
2016-07-03 21:43:34.557000,1.11345,1.11286,1000000,1000000
2016-07-03 21:43:35.039000,1.11345,1.11289,1000000,1000000
2016-07-03 21:43:47.736000,1.11345,1.11290,1000000,1000000
2016-07-03 21:44:53.140000,1.11345,1.11289,1000000,2250000
2016-07-03 21:46:03.576000,1.11344,1.11289,1000000,1100000
2016-07-03 21:46:08.693000,1.11342,1.11289,1000000,1100000
2016-07-03 21:46:23.678000,1.11343,1.11289,1000000,1100000
2016-07-03 21:46:31.671000,1.11342,1.11289,1000000,1100000
2016-07-03 21:46:36.728000,1.11344,1.11289,1500000,1100000
2016-07-03 21:46:51.701000,1.11343,1.11289,1000000,1100000
2016-07-03 21:47:07.675000,1.11342,1.11289,1000000,1100000
2016-07-03 21:47:15.683000,1.11343,1.11289,1000000,1100000
2016-07-03 21:47:23.699000,1.11342,1.11289,1000000,1100000
2016-07-03 21:47:31.707000,1.11344,1.11289,1000000,1100000
2016-07-03 21:47:39.674000,1.11342,1.11289,1000000,1100000
2016-07-03 21:47:47.390000,1.11341,1.11289,1000000,1100000
2016-07-03 21:47:47.738000,1.11331,1.11289,1000000,1070000
2016-07-03 21:48:01.771000,1.11329,1.11289,1000000,1070000
2016-07-03 21:48:02.075000,1.11324,1.11291,1570000,1100000
2016-07-03 21:48:25.742000,1.11328,1.11291,1000000,1000000
2016-07-03 21:48:25.843000,1.11330,1.11291,1000000,1000000
2016-07-03 21:48:26.046000,1.11334,1.11291,1500000,1000000
2016-07-03 21:48:26.150000,1.11336,1.11290,1000000,1100000
2016-07-03 21:48:27.571000,1.11336,1.11291,1000000,1000000
2016-07-03 21:48:31.548000,1.11340,1.11291,1000000,1000000
2016-07-03 21:48:37.609000,1.11341,1.11291,1000000,1000000
2016-07-03 21:48:48.180000,1.11342,1.11291,1000000,1100000
2016-07-03 21:49:06.803000,1.11341,1.11291,1000000,1100000
2016-07-03 21:49:14.577000,1.11342,1.11291,1000000,1100000
2016-07-03 21:49:22.777000,1.11341,1.11291,1000000,1100000
2016-07-03 21:49:30.787000,1.11342,1.11291,1000000,1100000
2016-07-03 21:49:38.804000,1.11341,1.11291,1000000,1100000
2016-07-03 21:49:46.795000,1.11342,1.11291,1000000,1100000
2016-07-03 21:49:54.789000,1.11341,1.11291,1000000,1100000
2016-07-03 21:50:02.806000,1.11342,1.11291,1000000,1100000
2016-07-03 21:50:05.954000,1.11342,1.11304,1000000,1000000
2016-07-03 21:50:06.308000,1.11342,1.11306,1000000,1000000
2016-07-03 21:50:07.242000,1.11342,1.11303,1000000,2250000
2016-07-03 21:50:07.706000,1.11345,1.11303,1000000,3000000
2016-07-03 21:50:07.757000,1.11345,1.11303,1000000,3750000
2016-07-03 21:50:29.264000,1.11344,1.11309,1000000,1070000
2016-07-03 21:50:29.599000,1.11336,1.11306,1000000,1370000
2016-07-03 21:50:34.902000,1.11336,1.11304,1000000,1870000
2016-07-03 21:50:35.917000,1.11336,1.11304,1000000,3750000
2016-07-03 21:50:41.840000,1.11336,1.11304,1000000,3370000
2016-07-03 21:50:50.379000,1.11335,1.11304,1000000,3370000
2016-07-03 21:50:54.721000,1.11335,1.11307,1000000,1370000
2016-07-03 21:50:59.261000,1.11339,1.11309,2320000,1070000
2016-07-03 21:50:59.513000,1.11342,1.11309,1500000,1070000
2016-07-03 21:50:59.820000,1.11345,1.11309,1000000,1070000
2016-07-03 21:51:00.125000,1.11345,1.11305,1000000,3000000
2016-07-03 21:51:14.782000,1.11345,1.11303,1000000,1000000
2016-07-03 21:52:03.523000,1.11346,1.11303,1500000,1500000
2016-07-03 21:52:03.726000,1.11341,1.11300,1000000,1500000
2016-07-03 21:52:03.827000,1.11341,1.11292,1000000,1500000
2016-07-03 21:52:03.878000,1.11341,1.11288,1000000,1100000
2016-07-03 21:52:04.030000,1.11339,1.11288,1000000,1000000
2016-07-03 21:52:05.450000,1.11340,1.11288,1500000,1000000
2016-07-03 21:52:06.031000,1.11339,1.11288,1000000,1000000
2016-07-03 21:52:07.047000,1.11340,1.11288,1000000,1000000
2016-07-03 21:52:07.587000,1.11339,1.11288,1000000,1000000
2016-07-03 21:52:08.152000,1.11340,1.11288,1500000,1000000
2016-07-03 21:52:08.690000,1.11339,1.11288,1000000,1000000
2016-07-03 21:52:11.782000,1.11340,1.11288,1000000,1000000
2016-07-03 21:52:12.298000,1.11339,1.11288,1000000,1000000
2016-07-03 21:52:13.248000,1.11340,1.11288,1500000,1000000
2016-07-03 21:52:13.766000,1.11339,1.11288,1000000,1000000
2016-07-03 21:52:14.702000,1.11339,1.11287,1000000,1000000
2016-07-03 21:52:15.353000,1.11340,1.11287,1500000,1000000
2016-07-03 21:52:16.026000,1.11336,1.11285,1000000,1500000
2016-07-03 21:52:16.555000,1.11336,1.11284,1000000,1500000
2016-07-03 21:52:23.973000,1.11337,1.11284,1000000,1500000
2016-07-03 21:52:24.126000,1.11337,1.11282,1500000,1000000
2016-07-03 21:52:24.674000,1.11337,1.11281,1000000,2620000
2016-07-03 21:52:25.274000,1.11337,1.11282,1500000,1000000
2016-07-03 21:52:31.995000,1.11335,1.11282,1000000,1000000
2016-07-03 21:52:34.611000,1.11335,1.11281,1000000,1870000
2016-07-03 21:52:35.130000,1.11335,1.11280,1000000,3750000
2016-07-03 21:52:40.019000,1.11333,1.11280,1000000,2250000
2016-07-03 21:52:49.174000,1.11333,1.11279,1000000,3370000
2016-07-03 21:52:49.878000,1.11333,1.11280,1000000,1000000
2016-07-03 21:52:50.654000,1.11333,1.11279,1000000,3370000
2016-07-03 21:52:51.181000,1.11333,1.11280,1000000,1000000
2016-07-03 21:52:51.993000,1.11333,1.11279,1000000,3370000
2016-07-03 21:52:52.632000,1.11333,1.11280,1000000,1000000
2016-07-03 21:52:54.544000,1.11332,1.11280,1000000,1000000
2016-07-03 21:52:54.696000,1.11332,1.11277,1000000,1870000
2016-07-03 21:52:59.998000,1.11331,1.11277,1000000,1120000
2016-07-03 21:53:07.971000,1.11330,1.11276,1000000,3000000
2016-07-03 21:53:08.475000,1.11330,1.11276,1000000,2620000
2016-07-03 21:53:14.557000,1.11329,1.11276,1000000,2250000
2016-07-03 21:53:14.810000,1.11329,1.11274,1000000,1000000
2016-07-03 21:53:15.343000,1.11329,1.11275,1000000,1000000
2016-07-03 21:53:17.143000,1.11329,1.11274,1000000,1000000
2016-07-03 21:53:17.672000,1.11329,1.11275,1000000,1000000
2016-07-03 21:53:21.953000,1.11329,1.11274,1000000,1000000
2016-07-03 21:53:22.481000,1.11329,1.11275,1000000,1000000
2016-07-03 21:53:23.004000,1.11329,1.11274,1000000,1000000
2016-07-03 21:53:23.523000,1.11329,1.11275,1000000,1000000
2016-07-03 21:53:25.359000,1.11329,1.11274,1000000,1000000
2016-07-03 21:53:25.863000,1.11329,1.11275,1000000,1000000
2016-07-03 21:53:27.068000,1.11329,1.11274,1000000,1000000
2016-07-03 21:53:27.581000,1.11329,1.11275,1000000,1000000
2016-07-03 21:53:30.973000,1.11329,1.11274,1000000,1000000
2016-07-03 21:53:31.575000,1.11329,1.11275,1000000,1000000
2016-07-03 21:53:32.959000,1.11328,1.11275,1000000,1000000
2016-07-03 21:53:34.650000,1.11328,1.11273,1500000,1500000
2016-07-03 21:53:34.752000,1.11328,1.11271,1500000,3370000
2016-07-03 21:53:54.532000,1.11327,1.11271,1000000,2620000
2016-07-03 21:53:55.174000,1.11326,1.11270,1000000,1000000
2016-07-03 21:53:56.878000,1.11327,1.11270,1500000,1000000
2016-07-03 21:53:57.429000,1.11326,1.11269,1000000,1500000
2016-07-03 21:53:58.075000,1.11326,1.11270,1000000,1000000
2016-07-03 21:53:58.681000,1.11326,1.11269,1000000,1500000
2016-07-03 21:53:59.182000,1.11326,1.11270,1000000,1000000
2016-07-03 21:53:59.733000,1.11326,1.11269,1000000,1500000
2016-07-03 21:54:00.236000,1.11326,1.11270,1000000,1000000
2016-07-03 21:54:03.091000,1.11327,1.11270,1500000,1000000
2016-07-03 21:54:03.592000,1.11326,1.11270,1000000,1000000
2016-07-03 21:54:04.243000,1.11326,1.11269,1000000,1500000
2016-07-03 21:54:04.892000,1.11326,1.11270,1000000,1000000
2016-07-03 21:54:05.533000,1.11326,1.11269,1000000,1500000
2016-07-03 21:54:06.145000,1.11326,1.11270,1000000,1000000
2016-07-03 21:54:06.696000,1.11327,1.11270,1500000,1000000
2016-07-03 21:54:07.197000,1.11326,1.11269,1000000,1500000
2016-07-03 21:54:07.698000,1.11326,1.11270,1000000,1000000
2016-07-03 21:54:07.966000,1.11325,1.11276,1000000,1000000
2016-07-03 21:54:08.273000,1.11325,1.11280,1000000,1100000
2016-07-03 21:54:10.179000,1.11331,1.11285,1000000,1100000
2016-07-03 21:54:19.275000,1.11333,1.11287,1000000,1000000
2016-07-03 21:54:19.579000,1.11334,1.11292,1000000,1070000
2016-07-03 21:54:21.627000,1.11334,1.11292,1000000,1000000
2016-07-03 21:54:21.728000,1.11334,1.11287,1000000,1070000
2016-07-03 21:55:01.464000,1.11336,1.11287,1100000,1070000
2016-07-03 21:55:01.515000,1.11336,1.11291,1100000,1500000
2016-07-03 21:55:01.820000,1.11337,1.11299,1000000,1100000
2016-07-03 21:55:03.885000,1.11337,1.11295,1000000,1000000
2016-07-03 21:55:13.035000,1.11336,1.11295,1000000,1000000
2016-07-03 21:55:13.086000,1.11334,1.11293,1000000,1500000
2016-07-03 21:55:13.428000,1.11332,1.11292,1000000,3000000
2016-07-03 21:55:14.741000,1.11332,1.11293,1000000,1500000
2016-07-03 21:56:37.336000,1.11332,1.11292,1100000,2250000
2016-07-03 21:56:37.851000,1.11333,1.11293,1000000,1000000
2016-07-03 21:56:57.737000,1.11335,1.11293,1000000,1000000
2016-07-03 21:57:07.063000,1.11335,1.11298,1000000,1500000
2016-07-03 21:57:07.500000,1.11335,1.11303,1000000,2320000
2016-07-03 21:57:10.198000,1.11337,1.11303,1000000,1070000
2016-07-03 21:57:10.300000,1.11337,1.11303,1000000,2250000
2016-07-03 21:58:01.114000,1.11338,1.11303,1500000,1500000
2016-07-03 21:58:01.165000,1.11339,1.11300,1500000,1500000
2016-07-03 21:58:01.368000,1.11340,1.11298,1000000,1500000
2016-07-03 21:58:01.472000,1.11340,1.11292,1000000,1500000
2016-07-03 21:58:01.573000,1.11340,1.11289,1000000,2250000
2016-07-03 21:58:02.125000,1.11339,1.11289,1000000,1000000
2016-07-03 21:58:03.909000,1.11340,1.11289,2250000,1000000
2016-07-03 21:58:04.503000,1.11339,1.11289,1000000,1000000
2016-07-03 21:58:05.041000,1.11340,1.11289,2250000,1000000
2016-07-03 21:58:05.517000,1.11335,1.11287,1000000,1000000
2016-07-03 21:58:06.579000,1.11335,1.11286,1000000,2250000
2016-07-03 21:58:09.654000,1.11335,1.11287,1000000,1000000
2016-07-03 21:58:10.160000,1.11335,1.11285,1000000,1000000
2016-07-03 21:58:14.040000,1.11333,1.11285,1000000,1500000
2016-07-03 21:58:15.475000,1.11333,1.11284,1000000,2320000
2016-07-03 21:58:15.989000,1.11333,1.11285,1000000,1500000
2016-07-03 21:58:22.086000,1.11333,1.11284,1000000,1570000
2016-07-03 21:58:24.139000,1.11333,1.11289,1000000,1000000
2016-07-03 21:58:24.442000,1.11333,1.11293,1000000,1100000
2016-07-03 21:58:41.272000,1.11339,1.11293,1000000,1100000
2016-07-03 21:58:54.589000,1.11340,1.11293,1000000,1100000
2016-07-03 21:59:07.724000,1.11341,1.11293,750000,100000
2016-07-03 21:59:07.775000,1.11341,1.11302,750000,750000
2016-07-03 21:59:08.079000,1.11341,1.11306,750000,100000
2016-07-03 21:59:11.622000,1.11346,1.11306,1500000,100000
2016-07-03 21:59:12.812000,1.11346,1.11305,1500000,750000
2016-07-03 21:59:12.863000,1.11346,1.11308,1500000,750000
2016-07-03 21:59:13.264000,1.11346,1.11310,1500000,100000
2016-07-03 21:59:14.736000,1.11347,1.11310,750000,100000
2016-07-03 21:59:41.846000,1.11347,1.11313,3000000,100000
2016-07-03 21:59:42.950000,1.11347,1.11309,3000000,100000
2016-07-03 21:59:43.702000,1.11342,1.11309,750000,100000
2016-07-03 21:59:44.052000,1.11340,1.11309,1500000,100000
2016-07-03 21:59:54.061000,1.11340,1.11305,1500000,820000
2016-07-03 21:59:56.034000,1.11340,1.11309,1500000,100000
2016-07-03 22:00:00.186000,1.11340,1.11339,1500000,750000
2016-07-03 22:00:00.523000,1.11345,1.11335,750000,1120000
2016-07-03 22:00:00.574000,1.11343,1.11335,750000,1120000
2016-07-03 22:00:00.687000,1.11345,1.11335,750000,370000
2016-07-03 22:00:00.738000,1.11345,1.11333,750000,1500000
2016-07-03 22:00:00.839000,1.11343,1.11333,1500000,1500000
2016-07-03 22:00:01.143000,1.11336,1.11327,2250000,750000
2016-07-03 22:00:05.169000,1.11342,1.11327,750000,750000
2016-07-03 22:00:05.707000,1.11341,1.11327,1500000,750000
2016-07-03 22:00:06.215000,1.11342,1.11327,750000,750000
2016-07-03 22:00:06.745000,1.11341,1.11327,1500000,750000
2016-07-03 22:00:07.049000,1.11339,1.11327,1500000,750000
2016-07-03 22:00:08.482000,1.11341,1.11327,750000,750000
2016-07-03 22:00:09.077000,1.11341,1.11326,3000000,750000
2016-07-03 22:00:10.126000,1.11338,1.11326,750000,750000
2016-07-03 22:00:10.432000,1.11335,1.11326,750000,750000
2016-07-03 22:00:11.130000,1.11338,1.11326,1500000,750000
2016-07-03 22:00:11.370000,1.11335,1.11326,1500000,750000
2016-07-03 22:00:11.435000,1.11338,1.11326,750000,750000
2016-07-03 22:00:15.116000,1.11336,1.11326,750000,750000
2016-07-03 22:00:15.522000,1.11334,1.11326,750000,750000
2016-07-03 22:00:15.775000,1.11325,1.11315,1500000,2250000
2016-07-03 22:00:15.827000,1.11322,1.11312,750000,750000
2016-07-03 22:00:16.133000,1.11317,1.11310,1500000,820000
2016-07-03 22:00:16.220000,1.11316,1.11308,1500000,750000
2016-07-03 22:00:16.729000,1.11315,1.11307,1500000,820000
2016-07-03 22:00:19.525000,1.11315,1.11310,1500000,100000
2016-07-03 22:00:19.829000,1.11315,1.11307,1500000,100000
2016-07-03 22:00:25.806000,1.11316,1.11307,2250000,100000
2016-07-03 22:00:25.857000,1.11316,1.11302,2250000,100000
2016-07-03 22:00:25.908000,1.11314,1.11309,1500000,750000
2016-07-03 22:00:26.896000,1.11314,1.11308,1500000,750000
2016-07-03 22:00:27.108000,1.11316,1.11308,2250000,750000
2016-07-03 22:00:27.298000,1.11316,1.11310,750000,750000
2016-07-03 22:00:27.604000,1.11316,1.11308,750000,750000
2016-07-03 22:00:27.734000,1.11316,1.11306,750000,100000
2016-07-03 22:00:27.852000,1.11315,1.11303,1500000,100000
2016-07-03 22:00:28.005000,1.11314,1.11310,1500000,750000
2016-07-03 22:00:28.410000,1.11314,1.11312,1500000,750000
2016-07-03 22:00:28.976000,1.11314,1.11313,1500000,750000
2016-07-03 22:00:29.524000,1.11314,1.11312,1500000,750000
2016-07-03 22:00:30.030000,1.11314,1.11307,1500000,750000
2016-07-03 22:00:30.132000,1.11314,1.11312,1500000,750000
2016-07-03 22:00:30.234000,1.11314,1.11306,1500000,750000
2016-07-03 22:00:30.336000,1.11314,1.11308,1500000,750000
2016-07-03 22:00:30.703000,1.11315,1.11313,1500000,750000
2016-07-03 22:00:30.805000,1.11315,1.11311,1500000,750000
2016-07-03 22:00:31.108000,1.11314,1.11309,1500000,750000
2016-07-03 22:00:31.513000,1.11316,1.11315,2250000,750000
2016-07-03 22:00:32.066000,1.11316,1.11315,2250000,750000
2016-07-03 22:00:32.772000,1.11316,1.11303,750000,100000
2016-07-03 22:00:32.937000,1.11315,1.11310,1500000,750000
2016-07-03 22:00:33.242000,1.11320,1.11317,3750000,750000
2016-07-03 22:00:33.546000,1.11315,1.11307,1500000,750000
2016-07-03 22:00:33.648000,1.11316,1.11315,1500000,750000
2016-07-03 22:00:34.154000,1.11316,1.11315,1500000,750000
2016-07-03 22:00:34.307000,1.11320,1.11317,3750000,750000
2016-07-03 22:00:34.817000,1.11319,1.11317,1500000,750000
2016-07-03 22:00:35.538000,1.11316,1.11300,2250000,100000
2016-07-03 22:00:35.690000,1.11312,1.11300,1500000,820000
2016-07-03 22:00:36.008000,1.11316,1.11300,3750000,820000
2016-07-03 22:00:36.421000,1.11310,1.11300,1500000,820000
2016-07-03 22:00:37.606000,1.11312,1.11300,1500000,820000
2016-07-03 22:00:37.658000,1.11315,1.11314,1500000,750000
2016-07-03 22:00:37.711000,1.11316,1.11300,3000000,820000
2016-07-03 22:00:37.813000,1.11313,1.11300,1500000,820000
2016-07-03 22:00:40.647000,1.11313,1.11312,1500000,750000
2016-07-03 22:00:41.950000,1.11316,1.11315,4500000,750000
2016-07-03 22:00:42.487000,1.11315,1.11314,1500000,750000
2016-07-03 22:00:43.045000,1.11316,1.11315,4500000,750000
2016-07-03 22:00:43.654000,1.11313,1.11312,1500000,750000
2016-07-03 22:00:44.160000,1.11314,1.11313,1500000,750000
2016-07-03 22:00:44.262000,1.11315,1.11308,1500000,750000
2016-07-03 22:00:44.479000,1.11317,1.11316,4500000,750000
2016-07-03 22:00:45.256000,1.11314,1.11313,1500000,750000
2016-07-03 22:00:45.568000,1.11314,1.11312,1500000,750000
2016-07-03 22:00:45.759000,1.11314,1.11310,2250000,750000
2016-07-03 22:00:45.810000,1.11312,1.11310,2250000,750000
2016-07-03 22:00:46.114000,1.11313,1.11312,2250000,750000
2016-07-03 22:00:46.648000,1.11312,1.11311,2250000,750000
2016-07-03 22:00:46.952000,1.11314,1.11313,750000,750000
2016-07-03 22:00:47.630000,1.11314,1.11313,750000,750000
2016-07-03 22:00:48.368000,1.11314,1.11313,750000,750000
2016-07-03 22:00:50.309000,1.11314,1.11313,750000,750000
2016-07-03 22:00:50.619000,1.11310,1.11309,150000,750000
2016-07-03 22:00:51.205000,1.11310,1.11309,150000,750000
2016-07-03 22:00:51.727000,1.11310,1.11309,150000,750000
2016-07-03 22:00:52.525000,1.11310,1.11309,150000,750000
2016-07-03 22:00:53.447000,1.11309,1.11308,150000,750000
2016-07-03 22:00:54.274000,1.11307,1.11306,450000,750000
2016-07-03 22:00:55.755000,1.11311,1.11310,1500000,750000
2016-07-03 22:00:55.857000,1.11320,1.11319,3000000,750000
2016-07-03 22:00:56.111000,1.11318,1.11317,1500000,750000
2016-07-03 22:00:56.787000,1.11317,1.11314,1500000,750000
2016-07-03 22:00:57.842000,1.11317,1.11313,1500000,750000
2016-07-03 22:00:58.352000,1.11317,1.11312,1500000,750000
2016-07-03 22:01:00.662000,1.11317,1.11310,1500000,750000
2016-07-03 22:01:00.871000,1.11317,1.11312,1500000,750000
2016-07-03 22:01:02.330000,1.11317,1.11311,1500000,750000
2016-07-03 22:01:02.635000,1.11312,1.11311,450000,750000
2016-07-03 22:01:03.446000,1.11312,1.11308,450000,750000
2016-07-03 22:01:03.750000,1.11312,1.11311,450000,750000
2016-07-03 22:01:04.202000,1.11312,1.11305,450000,100000
2016-07-03 22:01:04.354000,1.11312,1.11308,450000,750000
2016-07-03 22:01:04.558000,1.11312,1.11306,450000,750000
2016-07-03 22:01:04.761000,1.11312,1.11311,450000,750000
2016-07-03 22:01:05.263000,1.11311,1.11310,1500000,750000
2016-07-03 22:01:05.568000,1.11312,1.11311,3000000,750000
2016-07-03 22:01:05.646000,1.11312,1.11305,3000000,750000
2016-07-03 22:01:05.898000,1.11311,1.11310,1500000,750000
2016-07-03 22:01:06.203000,1.11311,1.11310,1500000,750000
2016-07-03 22:01:06.292000,1.11311,1.11306,1500000,750000
2016-07-03 22:01:06.343000,1.11311,1.11310,1500000,750000
2016-07-03 22:01:07.040000,1.11311,1.11310,1500000,750000
2016-07-03 22:01:07.142000,1.11311,1.11310,1500000,750000
2016-07-03 22:01:07.244000,1.11311,1.11310,1500000,750000
2016-07-03 22:01:07.345000,1.11312,1.11311,3000000,750000
2016-07-03 22:01:07.752000,1.11311,1.11310,1500000,750000
2016-07-03 22:01:08.258000,1.11317,1.11316,1500000,750000
2016-07-03 22:01:10.042000,1.11316,1.11315,1500000,750000
2016-07-03 22:01:10.550000,1.11319,1.11315,750000,750000
2016-07-03 22:01:10.602000,1.11321,1.11315,1500000,750000
2016-07-03 22:01:11.124000,1.11320,1.11315,370000,750000
2016-07-03 22:01:11.655000,1.11320,1.11316,370000,750000
2016-07-03 22:01:12.082000,1.11320,1.11308,370000,750000
2016-07-03 22:01:12.185000,1.11320,1.11315,370000,750000
2016-07-03 22:01:12.236000,1.11320,1.11309,370000,750000
2016-07-03 22:01:12.337000,1.11320,1.11315,370000,750000
2016-07-03 22:01:12.545000,1.11320,1.11313,370000,750000
2016-07-03 22:01:12.697000,1.11314,1.11313,150000,750000
2016-07-03 22:01:12.905000,1.11320,1.11315,370000,750000
2016-07-03 22:01:13.474000,1.11321,1.11315,1870000,750000
2016-07-03 22:01:13.785000,1.11320,1.11313,370000,750000
2016-07-03 22:01:13.937000,1.11320,1.11315,370000,750000
2016-07-03 22:01:14.472000,1.11315,1.11314,1500000,750000
2016-07-03 22:01:14.940000,1.11313,1.11312,450000,750000
2016-07-03 22:01:15.447000,1.11312,1.11311,450000,750000
2016-07-03 22:01:15.600000,1.11314,1.11313,150000,750000
2016-07-03 22:01:15.979000,1.11314,1.11313,150000,750000
2016-07-03 22:01:16.183000,1.11314,1.11313,150000,750000
2016-07-03 22:01:16.720000,1.11314,1.11312,150000,750000
2016-07-03 22:01:16.821000,1.11312,1.11311,450000,750000
2016-07-03 22:01:17.491000,1.11314,1.11313,600000,750000
2016-07-03 22:01:18.312000,1.11313,1.11312,450000,750000
2016-07-03 22:01:19.226000,1.11313,1.11312,450000,750000
2016-07-03 22:01:19.901000,1.11314,1.11311,150000,750000
2016-07-03 22:01:19.953000,1.11314,1.11308,150000,750000
2016-07-03 22:01:20.676000,1.11312,1.11305,450000,820000
2016-07-03 22:01:20.728000,1.11312,1.11310,450000,750000
2016-07-03 22:01:21.033000,1.11312,1.11304,450000,750000
2016-07-03 22:01:21.323000,1.11312,1.11309,450000,750000
2016-07-03 22:01:21.834000,1.11312,1.11308,450000,750000
2016-07-03 22:01:22.220000,1.11312,1.11303,450000,750000
2016-07-03 22:01:22.423000,1.11312,1.11307,450000,750000
2016-07-03 22:01:24.246000,1.11312,1.11309,450000,750000
2016-07-03 22:01:24.653000,1.11316,1.11315,750000,750000
2016-07-03 22:01:24.704000,1.11322,1.11321,2700000,750000
2016-07-03 22:01:24.756000,1.11314,1.11312,750000,750000
2016-07-03 22:01:24.857000,1.11318,1.11312,750000,750000
2016-07-03 22:01:25.061000,1.11325,1.11311,1500000,750000
2016-07-03 22:01:25.163000,1.11327,1.11311,1500000,750000
2016-07-03 22:01:25.214000,1.11327,1.11309,1500000,750000
2016-07-03 22:01:25.757000,1.11327,1.11308,1500000,750000
2016-07-03 22:01:26.547000,1.11327,1.11309,1500000,750000
2016-07-03 22:01:28.257000,1.11327,1.11307,1500000,750000
2016-07-03 22:01:28.787000,1.11327,1.11306,1500000,750000
2016-07-03 22:01:29.307000,1.11327,1.11307,1500000,750000
2016-07-03 22:01:29.825000,1.11327,1.11308,1500000,750000
2016-07-03 22:01:30.129000,1.11324,1.11308,750000,750000
2016-07-03 22:01:30.433000,1.11324,1.11306,750000,1570000
2016-07-03 22:01:30.484000,1.11327,1.11306,1200000,3070000
2016-07-03 22:01:30.840000,1.11327,1.11308,1200000,750000
2016-07-03 22:01:32.030000,1.11327,1.11307,450000,750000
2016-07-03 22:01:33.374000,1.11327,1.11306,1200000,1570000
2016-07-03 22:01:34.954000,1.11328,1.11306,450000,1570000
2016-07-03 22:01:36.614000,1.11323,1.11306,450000,820000
2016-07-03 22:01:36.968000,1.11323,1.11308,450000,750000
2016-07-03 22:01:38.494000,1.11322,1.11308,450000,750000
2016-07-03 22:01:39.278000,1.11322,1.11307,450000,750000
2016-07-03 22:01:40.373000,1.11322,1.11314,450000,750000
2016-07-03 22:01:40.678000,1.11327,1.11322,450000,750000
2016-07-03 22:01:45.342000,1.11327,1.11320,450000,750000
2016-07-03 22:01:45.851000,1.11327,1.11321,450000,750000
2016-07-03 22:01:46.358000,1.11327,1.11319,450000,750000
2016-07-03 22:01:46.590000,1.11322,1.11318,450000,750000
2016-07-03 22:01:46.657000,1.11327,1.11318,450000,750000
2016-07-03 22:01:47.013000,1.11327,1.11320,450000,750000
2016-07-03 22:01:47.216000,1.11332,1.11320,450000,750000
2016-07-03 22:01:47.572000,1.11329,1.11320,150000,750000
2016-07-03 22:01:47.927000,1.11332,1.11321,1950000,750000
2016-07-03 22:01:48.009000,1.11327,1.11321,450000,750000
2016-07-03 22:01:48.516000,1.11327,1.11320,450000,750000
2016-07-03 22:01:49.575000,1.11327,1.11322,450000,750000
2016-07-03 22:01:49.639000,1.11334,1.11320,300000,750000
2016-07-03 22:01:49.690000,1.11329,1.11320,150000,750000
2016-07-03 22:01:49.994000,1.11327,1.11319,450000,750000
2016-07-03 22:01:50.501000,1.11327,1.11320,450000,750000
2016-07-03 22:01:53.828000,1.11327,1.11319,450000,750000
2016-07-03 22:01:55.562000,1.11332,1.11319,450000,750000
2016-07-03 22:01:56.950000,1.11332,1.11318,450000,750000
2016-07-03 22:02:00.527000,1.11332,1.11317,450000,750000
2016-07-03 22:02:01.741000,1.11332,1.11318,450000,750000
2016-07-03 22:02:02.794000,1.11328,1.11318,1500000,750000
2016-07-03 22:02:02.896000,1.11325,1.11314,300000,750000
2016-07-03 22:02:03.050000,1.11327,1.11315,450000,750000
2016-07-03 22:02:03.556000,1.11327,1.11316,450000,750000
2016-07-03 22:02:03.870000,1.11327,1.11314,450000,750000
2016-07-03 22:02:07.567000,1.11327,1.11315,450000,750000
2016-07-03 22:02:08.769000,1.11327,1.11316,450000,750000
2016-07-03 22:02:12.770000,1.11327,1.11315,450000,750000
2016-07-03 22:02:23.597000,1.11327,1.11313,1120000,750000
2016-07-03 22:02:27.708000,1.11322,1.11313,450000,750000
2016-07-03 22:02:27.860000,1.11322,1.11311,450000,750000
2016-07-03 22:02:34.763000,1.11322,1.11315,450000,750000
2016-07-03 22:02:34.865000,1.11322,1.11313,450000,750000
2016-07-03 22:02:34.916000,1.11327,1.11313,1120000,750000
2016-07-03 22:02:35.422000,1.11327,1.11312,1120000,750000
2016-07-03 22:02:40.626000,1.11325,1.11312,150000,750000
2016-07-03 22:02:40.829000,1.11327,1.11311,1870000,750000
2016-07-03 22:02:41.780000,1.11327,1.11307,1120000,750000
2016-07-03 22:02:43.711000,1.11327,1.11319,1120000,750000
2016-07-03 22:02:44.238000,1.11327,1.11320,1120000,750000
2016-07-03 22:02:44.852000,1.11322,1.11320,450000,750000
2016-07-03 22:02:45.362000,1.11322,1.11321,450000,750000
2016-07-03 22:02:46.117000,1.11322,1.11320,450000,750000
2016-07-03 22:02:47.047000,1.11327,1.11320,1120000,750000
2016-07-03 22:02:49.503000,1.11327,1.11311,450000,750000
2016-07-03 22:02:49.554000,1.11327,1.11308,450000,750000
2016-07-03 22:02:49.605000,1.11327,1.11310,450000,370000
2016-07-03 22:02:53.312000,1.11327,1.11309,450000,370000
2016-07-03 22:02:53.862000,1.11327,1.11310,450000,370000
2016-07-03 22:03:01.533000,1.11327,1.11309,450000,370000
2016-07-03 22:03:01.928000,1.11327,1.11312,450000,750000
2016-07-03 22:03:03.224000,1.11327,1.11310,450000,370000
2016-07-03 22:03:04.536000,1.11327,1.11309,450000,370000
2016-07-03 22:03:05.084000,1.11327,1.11310,450000,370000
2016-07-03 22:03:07.355000,1.11327,1.11309,450000,370000
2016-07-03 22:03:07.941000,1.11327,1.11310,450000,370000
2016-07-03 22:03:11.564000,1.11327,1.11309,450000,370000
2016-07-03 22:03:12.099000,1.11327,1.11310,450000,370000
2016-07-03 22:03:13.453000,1.11327,1.11309,450000,370000
2016-07-03 22:03:13.996000,1.11326,1.11310,750000,370000
2016-07-03 22:03:26.245000,1.11326,1.11309,750000,750000
2016-07-03 22:03:26.949000,1.11327,1.11311,1870000,750000
2016-07-03 22:03:27.556000,1.11327,1.11312,450000,750000
2016-07-03 22:03:28.065000,1.11326,1.11311,750000,450000
2016-07-03 22:03:30.057000,1.11327,1.11311,1120000,450000
2016-07-03 22:03:30.158000,1.11327,1.11307,1120000,750000
2016-07-03 22:03:30.768000,1.11327,1.11313,1120000,750000
2016-07-03 22:03:31.197000,1.11337,1.11322,1950000,750000
2016-07-03 22:03:31.250000,1.11337,1.11313,1950000,750000
2016-07-03 22:03:35.508000,1.11337,1.11312,1950000,1500000
2016-07-03 22:03:36.014000,1.11337,1.11313,1950000,750000
2016-07-03 22:03:43.852000,1.11337,1.11312,1950000,1500000
2016-07-03 22:03:44.421000,1.11337,1.11313,1950000,750000
2016-07-03 22:03:45.952000,1.11337,1.11312,1950000,1500000
2016-07-03 22:03:46.471000,1.11337,1.11313,1950000,750000
2016-07-03 22:03:46.876000,1.11337,1.11318,1950000,750000
2016-07-03 22:03:47.228000,1.11337,1.11321,2700000,750000
2016-07-03 22:03:47.623000,1.11337,1.11323,750000,750000
2016-07-03 22:03:48.150000,1.11338,1.11323,450000,750000
2016-07-03 22:03:48.556000,1.11340,1.11329,750000,750000
2016-07-03 22:03:48.760000,1.11343,1.11329,1500000,750000
2016-07-03 22:03:49.237000,1.11342,1.11326,2250000,1950000
2016-07-03 22:03:49.340000,1.11340,1.11325,750000,750000
2016-07-03 22:03:49.645000,1.11336,1.11326,1500000,750000
2016-07-03 22:03:49.797000,1.11339,1.11326,1500000,750000
2016-07-03 22:03:50.159000,1.11339,1.11331,1500000,750000
2016-07-03 22:03:50.261000,1.11341,1.11331,1500000,1870000
2016-07-03 22:03:50.583000,1.11342,1.11329,1500000,750000
2016-07-03 22:03:51.090000,1.11343,1.11329,1500000,750000
2016-07-03 22:03:52.433000,1.11343,1.11327,1500000,750000
2016-07-03 22:03:52.586000,1.11343,1.11330,1500000,750000
2016-07-03 22:03:53.164000,1.11343,1.11326,1500000,1120000
2016-07-03 22:03:56.746000,1.11343,1.11334,1500000,750000
2016-07-03 22:03:57.051000,1.11344,1.11326,1500000,1870000
2016-07-03 22:04:00.014000,1.11341,1.11326,1500000,450000
2016-07-03 22:04:00.217000,1.11343,1.11325,1500000,1200000
2016-07-03 22:04:02.682000,1.11343,1.11326,1500000,1200000
2016-07-03 22:04:03.298000,1.11342,1.11326,1500000,1200000
2016-07-03 22:04:07.432000,1.11343,1.11326,1500000,1870000
2016-07-03 22:04:08.776000,1.11342,1.11326,1500000,1870000
2016-07-03 22:04:09.283000,1.11343,1.11326,1500000,1870000
2016-07-03 22:04:11.753000,1.11343,1.11335,1500000,1000000
2016-07-03 22:04:12.311000,1.11344,1.11335,2250000,1000000
2016-07-03 22:04:12.617000,1.11345,1.11338,1500000,1000000
2016-07-03 22:04:12.668000,1.11345,1.11328,1500000,1500000
2016-07-03 22:04:12.719000,1.11344,1.11325,1500000,1000000
2016-07-03 22:04:12.790000,1.11340,1.11330,1000000,1000000
2016-07-03 22:04:13.094000,1.11341,1.11336,1500000,1000000
2016-07-03 22:04:13.146000,1.11344,1.11336,1500000,1500000
2016-07-03 22:04:13.197000,1.11344,1.11339,1500000,1000000
2016-07-03 22:04:13.616000,1.11346,1.11338,1500000,1000000
2016-07-03 22:04:16.003000,1.11346,1.11337,1500000,1000000
2016-07-03 22:04:16.561000,1.11346,1.11336,1500000,1000000
2016-07-03 22:04:17.094000,1.11345,1.11336,1500000,1000000
2016-07-03 22:04:17.145000,1.11344,1.11334,1500000,1000000
2016-07-03 22:04:17.247000,1.11340,1.11335,1500000,1000000
2016-07-03 22:04:17.348000,1.11346,1.11336,1500000,1000000
2016-07-03 22:04:18.161000,1.11346,1.11328,1500000,1600000
2016-07-03 22:04:19.340000,1.11347,1.11328,1500000,1600000
2016-07-03 22:04:19.847000,1.11346,1.11331,1500000,1200000
2016-07-03 22:04:20.387000,1.11347,1.11331,1500000,1200000
2016-07-03 22:04:20.439000,1.11347,1.11326,1500000,1870000
2016-07-03 22:04:20.491000,1.11347,1.11328,1500000,1000000
2016-07-03 22:04:20.801000,1.11340,1.11330,1500000,1200000
2016-07-03 22:04:20.859000,1.11346,1.11327,1000000,1600000
2016-07-03 22:04:20.961000,1.11351,1.11327,1000000,1600000
2016-07-03 22:04:21.063000,1.11346,1.11327,1500000,1600000
2016-07-03 22:04:21.465000,1.11344,1.11325,1500000,2100000
2016-07-03 22:04:21.872000,1.11346,1.11328,1500000,1600000
2016-07-03 22:04:22.381000,1.11346,1.11331,1500000,1200000
2016-07-03 22:04:23.468000,1.11345,1.11331,1000000,1200000
2016-07-03 22:04:23.519000,1.11341,1.11331,1500000,1200000
2016-07-03 22:04:23.774000,1.11349,1.11331,1500000,1000000
2016-07-03 22:04:24.079000,1.11346,1.11331,1500000,1200000
2016-07-03 22:04:27.077000,1.11347,1.11331,1500000,1200000
2016-07-03 22:04:27.433000,1.11338,1.11331,1000000,1200000
2016-07-03 22:04:27.803000,1.11340,1.11330,1000000,1200000
2016-07-03 22:04:27.854000,1.11344,1.11327,1000000,1450000
2016-07-03 22:04:27.905000,1.11349,1.11327,1500000,1450000
2016-07-03 22:04:28.007000,1.11351,1.11327,1500000,1950000
2016-07-03 22:04:28.261000,1.11351,1.11328,1000000,1500000
2016-07-03 22:04:28.517000,1.11353,1.11326,1000000,2250000
2016-07-03 22:04:28.568000,1.11353,1.11330,1000000,1000000
2016-07-03 22:04:29.100000,1.11354,1.11331,1000000,2620000
2016-07-03 22:04:38.082000,1.11348,1.11331,1000000,2700000
2016-07-03 22:04:38.386000,1.11344,1.11329,1500000,2250000
2016-07-03 22:04:38.437000,1.11347,1.11329,1000000,2250000
2016-07-03 22:04:38.488000,1.11347,1.11333,1000000,1000000
2016-07-03 22:04:39.886000,1.11347,1.11327,2250000,3750000
2016-07-03 22:04:39.938000,1.11345,1.11327,1000000,3750000
2016-07-03 22:04:39.989000,1.11345,1.11325,1500000,1500000
2016-07-03 22:04:40.040000,1.11344,1.11323,1000000,1870000
2016-07-03 22:04:40.193000,1.11343,1.11321,1000000,1000000
2016-07-03 22:04:40.244000,1.11343,1.11319,2250000,1000000
2016-07-03 22:04:40.752000,1.11342,1.11318,1000000,1570000
2016-07-03 22:04:42.441000,1.11342,1.11318,1870000,1570000
2016-07-03 22:04:43.995000,1.11342,1.11318,2250000,1570000
2016-07-03 22:04:44.535000,1.11342,1.11318,1500000,1570000
2016-07-03 22:04:49.052000,1.11342,1.11318,2250000,1570000
2016-07-03 22:04:49.510000,1.11342,1.11320,2250000,1000000
2016-07-03 22:04:49.827000,1.11342,1.11318,2250000,1570000
2016-07-03 22:04:51.256000,1.11342,1.11319,1500000,1000000
2016-07-03 22:04:51.332000,1.11342,1.11321,1500000,1000000
2016-07-03 22:04:51.639000,1.11342,1.11318,1500000,1570000
2016-07-03 22:04:51.795000,1.11342,1.11326,1870000,1000000
2016-07-03 22:04:51.846000,1.11342,1.11326,1000000,1000000
2016-07-03 22:04:56.017000,1.11343,1.11327,1000000,1000000
2016-07-03 22:04:57.823000,1.11344,1.11326,1570000,1000000
2016-07-03 22:04:58.818000,1.11344,1.11321,1100000,2620000
2016-07-03 22:05:00.380000,1.11338,1.11321,1000000,2620000
2016-07-03 22:05:00.431000,1.11339,1.11318,1000000,1100000
2016-07-03 22:05:03.234000,1.11340,1.11318,1120000,1100000
2016-07-03 22:05:05.350000,1.11340,1.11322,1120000,1000000
2016-07-03 22:05:05.621000,1.11341,1.11318,1500000,1100000
2016-07-03 22:05:06.200000,1.11341,1.11318,1870000,1100000
2016-07-03 22:05:06.714000,1.11341,1.11323,1370000,1000000
2016-07-03 22:05:06.930000,1.11342,1.11320,3370000,1000000
2016-07-03 22:05:06.999000,1.11342,1.11321,1000000,1870000
2016-07-03 22:05:07.265000,1.11340,1.11321,1500000,1870000
2016-07-03 22:05:07.570000,1.11338,1.11322,1500000,1000000
2016-07-03 22:05:08.076000,1.11338,1.11321,1500000,1870000
2016-07-03 22:05:12.569000,1.11338,1.11322,1500000,1000000
2016-07-03 22:05:12.924000,1.11338,1.11324,1500000,1000000
2016-07-03 22:05:13.246000,1.11338,1.11321,1500000,1870000
2016-07-03 22:05:13.550000,1.11338,1.11323,1500000,1000000
2016-07-03 22:05:13.753000,1.11334,1.11318,1500000,1100000
2016-07-03 22:05:14.259000,1.11332,1.11318,1500000,1100000
2016-07-03 22:05:14.766000,1.11331,1.11318,1500000,1100000
2016-07-03 22:05:15.695000,1.11332,1.11318,1500000,1100000
2016-07-03 22:05:16.528000,1.11332,1.11319,1500000,1870000
2016-07-03 22:05:16.747000,1.11337,1.11320,1500000,3370000
2016-07-03 22:05:16.950000,1.11337,1.11323,1500000,1000000
2016-07-03 22:05:17.052000,1.11337,1.11321,1500000,1870000
2016-07-03 22:05:17.558000,1.11338,1.11323,1500000,1000000
2016-07-03 22:05:18.165000,1.11338,1.11320,1500000,2620000
2016-07-03 22:05:20.135000,1.11338,1.11322,1500000,1000000
2016-07-03 22:05:20.660000,1.11338,1.11321,1500000,2400000
2016-07-03 22:05:23.088000,1.11339,1.11321,1500000,2400000
2016-07-03 22:05:23.669000,1.11338,1.11321,1500000,2400000
2016-07-03 22:05:24.191000,1.11339,1.11321,1500000,2400000
2016-07-03 22:05:24.714000,1.11338,1.11321,1500000,2400000
2016-07-03 22:05:24.893000,1.11340,1.11321,1870000,2400000
2016-07-03 22:05:24.944000,1.11337,1.11321,1000000,3150000
2016-07-03 22:05:25.369000,1.11339,1.11321,1500000,2250000
2016-07-03 22:05:25.521000,1.11338,1.11321,1500000,2550000
2016-07-03 22:05:25.826000,1.11338,1.11322,1000000,1600000
2016-07-03 22:05:26.299000,1.11338,1.11322,1000000,1150000
2016-07-03 22:05:26.539000,1.11339,1.11321,1500000,1720000
2016-07-03 22:05:26.591000,1.11337,1.11321,1500000,1870000
2016-07-03 22:05:29.703000,1.11338,1.11321,1500000,1870000
2016-07-03 22:05:30.304000,1.11337,1.11321,1500000,1870000
2016-07-03 22:05:30.891000,1.11337,1.11322,1500000,1000000
2016-07-03 22:05:31.407000,1.11338,1.11321,1500000,1870000
2016-07-03 22:05:31.955000,1.11338,1.11323,1500000,1000000
2016-07-03 22:05:32.708000,1.11337,1.11323,1500000,1000000
2016-07-03 22:05:33.874000,1.11337,1.11322,1500000,1000000
2016-07-03 22:05:34.627000,1.11338,1.11322,2250000,1000000
2016-07-03 22:05:35.364000,1.11330,1.11321,1000000,1870000
2016-07-03 22:05:35.465000,1.11332,1.11321,1000000,1870000
2016-07-03 22:05:35.517000,1.11330,1.11318,1500000,1100000
2016-07-03 22:05:36.024000,1.11329,1.11318,1500000,1100000
2016-07-03 22:05:37.477000,1.11324,1.11317,1000000,1070000
2016-07-03 22:05:37.578000,1.11329,1.11317,1500000,1070000
2016-07-03 22:05:38.086000,1.11328,1.11317,1500000,1070000
2016-07-03 22:05:40.370000,1.11327,1.11317,1000000,1070000
2016-07-03 22:05:45.983000,1.11327,1.11319,1000000,1000000
2016-07-03 22:05:47.655000,1.11328,1.11319,1000000,1000000
2016-07-03 22:05:49.385000,1.11328,1.11318,1000000,1100000
2016-07-03 22:05:49.899000,1.11328,1.11319,1000000,1000000
2016-07-03 22:05:50.406000,1.11328,1.11318,2250000,1100000
2016-07-03 22:05:51.252000,1.11327,1.11318,1000000,1100000
2016-07-03 22:05:52.055000,1.11327,1.11317,1000000,1000000
2016-07-03 22:05:52.593000,1.11327,1.11318,1000000,1000000
2016-07-03 22:05:54.560000,1.11328,1.11318,2250000,1000000
2016-07-03 22:05:55.067000,1.11328,1.11317,2250000,1000000
2016-07-03 22:06:03.977000,1.11327,1.11317,1500000,1100000
2016-07-03 22:06:11.972000,1.11328,1.11317,1500000,1570000
2016-07-03 22:06:19.825000,1.11328,1.11322,1500000,1000000
2016-07-03 22:06:19.876000,1.11328,1.11317,1500000,1570000
2016-07-03 22:06:20.231000,1.11331,1.11318,1500000,1000000
2016-07-03 22:06:23.092000,1.11331,1.11319,1500000,1000000
2016-07-03 22:06:24.297000,1.11331,1.11318,1500000,1000000
2016-07-03 22:06:25.026000,1.11332,1.11318,1500000,1000000
2016-07-03 22:06:25.486000,1.11332,1.11324,1500000,1000000
2016-07-03 22:06:25.996000,1.11331,1.11324,1500000,1000000
2016-07-03 22:06:27.096000,1.11330,1.11324,1000000,1000000
2016-07-03 22:06:27.895000,1.11330,1.11322,3000000,1000000
2016-07-03 22:06:28.268000,1.11333,1.11327,1500000,1000000
2016-07-03 22:06:30.260000,1.11336,1.11327,1500000,1000000
2016-07-03 22:06:30.514000,1.11333,1.11325,1000000,1000000
2016-07-03 22:06:30.616000,1.11335,1.11323,1000000,1000000
2016-07-03 22:06:30.668000,1.11333,1.11323,1500000,1000000
2016-07-03 22:06:31.024000,1.11335,1.11323,2250000,1000000
2016-07-03 22:06:34.007000,1.11335,1.11322,1500000,1500000
2016-07-03 22:06:34.160000,1.11332,1.11322,1500000,1000000
2016-07-03 22:06:36.564000,1.11331,1.11322,1500000,1000000
2016-07-03 22:06:37.655000,1.11331,1.11321,1500000,1000000
2016-07-03 22:06:41.328000,1.11331,1.11320,1500000,1000000
2016-07-03 22:06:51.759000,1.11331,1.11322,1500000,1000000
2016-07-03 22:06:52.259000,1.11331,1.11320,1500000,1000000
2016-07-03 22:06:53.110000,1.11332,1.11320,1500000,1000000
2016-07-03 22:06:53.212000,1.11330,1.11320,1500000,1000000
2016-07-03 22:06:59.848000,1.11331,1.11318,2250000,1100000
2016-07-03 22:06:59.927000,1.11329,1.11318,2250000,1100000
2016-07-03 22:07:00.468000,1.11330,1.11317,1500000,1070000
2016-07-03 22:07:01.129000,1.11329,1.11317,1500000,1070000
2016-07-03 22:07:01.420000,1.11331,1.11316,1500000,1870000
2016-07-03 22:07:02.129000,1.11329,1.11317,1500000,1070000
2016-07-03 22:07:02.730000,1.11330,1.11317,1500000,1070000
2016-07-03 22:07:03.535000,1.11329,1.11317,1500000,1070000
2016-07-03 22:07:04.036000,1.11330,1.11317,1500000,1070000
2016-07-03 22:07:04.842000,1.11330,1.11317,1500000,1000000
2016-07-03 22:07:05.390000,1.11331,1.11317,1500000,1000000
2016-07-03 22:07:06.405000,1.11331,1.11317,1500000,1070000
2016-07-03 22:07:11.151000,1.11330,1.11316,1000000,1120000
2016-07-03 22:07:11.658000,1.11331,1.11316,2250000,1120000
2016-07-03 22:07:14.646000,1.11329,1.11317,1500000,1070000
2016-07-03 22:07:14.950000,1.11329,1.11321,1500000,1000000
2016-07-03 22:07:15.052000,1.11328,1.11318,1500000,1100000
2016-07-03 22:07:19.067000,1.11331,1.11317,1870000,1070000
2016-07-03 22:07:19.169000,1.11333,1.11317,1000000,1070000
2016-07-03 22:07:20.887000,1.11336,1.11318,5620000,1100000
2016-07-03 22:07:22.860000,1.11334,1.11318,1000000,1100000
2016-07-03 22:07:22.962000,1.11336,1.11320,4120000,1000000
2016-07-03 22:07:23.064000,1.11335,1.11317,1870000,1070000
2016-07-03 22:07:23.272000,1.11335,1.11320,1120000,1000000
2016-07-03 22:07:23.829000,1.11336,1.11320,1870000,1000000
2016-07-03 22:07:24.382000,1.11336,1.11320,1870000,1000000
2016-07-03 22:07:24.906000,1.11335,1.11319,1120000,1000000
2016-07-03 22:07:30.796000,1.11336,1.11319,1000000,1000000
2016-07-03 22:07:32.700000,1.11335,1.11319,1000000,1000000
2016-07-03 22:07:33.807000,1.11336,1.11320,1000000,1000000
2016-07-03 22:07:34.973000,1.11335,1.11319,1000000,1000000
2016-07-03 22:07:40.183000,1.11335,1.11318,1000000,1570000
2016-07-03 22:07:40.505000,1.11336,1.11320,1000000,1000000
2016-07-03 22:07:41.022000,1.11335,1.11319,1000000,1000000
2016-07-03 22:07:42.881000,1.11334,1.11318,1000000,1100000
2016-07-03 22:07:43.223000,1.11330,1.11316,1500000,1870000
2016-07-03 22:07:44.039000,1.11331,1.11316,1500000,1870000
2016-07-03 22:07:44.555000,1.11330,1.11316,1500000,1870000
2016-07-03 22:07:47.726000,1.11331,1.11318,1500000,1100000
2016-07-03 22:07:47.828000,1.11333,1.11318,1500000,1100000
2016-07-03 22:07:48.132000,1.11330,1.11317,1500000,1570000
2016-07-03 22:07:48.646000,1.11331,1.11317,1500000,2400000
2016-07-03 22:07:48.748000,1.11333,1.11318,1500000,1100000
2016-07-03 22:07:49.304000,1.11332,1.11319,1500000,1000000
2016-07-03 22:07:49.378000,1.11334,1.11318,2250000,2400000
2016-07-03 22:07:49.531000,1.11332,1.11320,1500000,1200000
2016-07-03 22:07:49.734000,1.11333,1.11318,1500000,1100000
2016-07-03 22:07:50.251000,1.11332,1.11318,1500000,1100000
2016-07-03 22:07:50.302000,1.11332,1.11325,1500000,1000000
2016-07-03 22:07:56.716000,1.11332,1.11324,1500000,1000000
2016-07-03 22:07:57.265000,1.11333,1.11324,1500000,1000000
2016-07-03 22:08:00.022000,1.11333,1.11323,1500000,1000000
2016-07-03 22:08:00.980000,1.11332,1.11323,1500000,1000000
2016-07-03 22:08:01.502000,1.11332,1.11324,1500000,1000000
2016-07-03 22:08:02.930000,1.11332,1.11323,1500000,1000000
2016-07-03 22:08:03.479000,1.11331,1.11323,1500000,1000000
2016-07-03 22:08:05.309000,1.11333,1.11323,1500000,1000000
2016-07-03 22:08:06.506000,1.11333,1.11322,1500000,1000000
2016-07-03 22:08:06.610000,1.11336,1.11322,1000000,1000000
2016-07-03 22:08:06.816000,1.11336,1.11324,1000000,1000000
2016-07-03 22:08:07.127000,1.11334,1.11324,1500000,1000000
2016-07-03 22:08:07.593000,1.11336,1.11324,1000000,1000000
2016-07-03 22:08:08.109000,1.11337,1.11324,1500000,1000000
2016-07-03 22:08:11.813000,1.11337,1.11323,1500000,1000000
2016-07-03 22:08:14.414000,1.11337,1.11321,1500000,1000000
2016-07-03 22:08:15.848000,1.11337,1.11323,1500000,1000000
2016-07-03 22:08:20.023000,1.11337,1.11322,1500000,1000000
2016-07-03 22:08:28.010000,1.11337,1.11321,2250000,1000000
2016-07-03 22:08:29.319000,1.11337,1.11324,1500000,1000000
2016-07-03 22:08:32.059000,1.11337,1.11321,2250000,1000000
2016-07-03 22:08:40.070000,1.11337,1.11322,1500000,1000000
2016-07-03 22:08:41.049000,1.11337,1.11321,2250000,1000000
2016-07-03 22:08:43.750000,1.11337,1.11322,1500000,1000000
2016-07-03 22:08:46.060000,1.11337,1.11320,1870000,2250000
2016-07-03 22:08:47.571000,1.11336,1.11320,1000000,1500000
2016-07-03 22:08:48.212000,1.11336,1.11321,1000000,1000000
2016-07-03 22:08:51.075000,1.11335,1.11319,1000000,1000000
2016-07-03 22:08:51.829000,1.11336,1.11319,1500000,1000000
2016-07-03 22:08:54.900000,1.11336,1.11319,1500000,1370000
2016-07-03 22:08:55.204000,1.11332,1.11328,1500000,1000000
2016-07-03 22:08:55.256000,1.11332,1.11326,1500000,1000000
2016-07-03 22:08:55.894000,1.11336,1.11326,2250000,1000000
2016-07-03 22:08:56.432000,1.11336,1.11327,2250000,1000000
2016-07-03 22:08:56.953000,1.11336,1.11327,2250000,1000000
2016-07-03 22:08:58.437000,1.11335,1.11329,3220000,1000000
2016-07-03 22:08:58.488000,1.11337,1.11330,3220000,1170000
2016-07-03 22:08:59.707000,1.11335,1.11322,1120000,2250000
2016-07-03 22:08:59.809000,1.11335,1.11316,2250000,1120000
2016-07-03 22:08:59.911000,1.11322,1.11316,150000,1120000
2016-07-03 22:09:00.015000,1.11328,1.11314,1950000,1500000
2016-07-03 22:09:00.117000,1.11329,1.11316,1300000,1120000
2016-07-03 22:09:00.219000,1.11325,1.11313,1120000,3000000
2016-07-03 22:09:00.439000,1.11325,1.11313,1120000,2620000
2016-07-03 22:09:00.491000,1.11330,1.11313,1120000,1870000
2016-07-03 22:09:00.795000,1.11328,1.11313,1000000,1870000
2016-07-03 22:09:00.846000,1.11330,1.11313,3750000,1870000
2016-07-03 22:09:01.051000,1.11331,1.11313,1450000,1070000
2016-07-03 22:09:02.043000,1.11330,1.11313,1500000,1000000
2016-07-03 22:09:02.589000,1.11331,1.11312,2100000,1100000
2016-07-03 22:09:02.893000,1.11331,1.11312,2100000,1370000
2016-07-03 22:09:05.785000,1.11330,1.11311,4350000,2620000
2016-07-03 22:09:06.303000,1.11330,1.11311,4350000,3750000
2016-07-03 22:09:07.488000,1.11330,1.11315,4350000,1950000
2016-07-03 22:09:14.958000,1.11330,1.11314,5100000,1950000
2016-07-03 22:09:28.731000,1.11330,1.11316,4650000,1000000
2016-07-03 22:09:31.397000,1.11330,1.11315,4650000,1000000
2016-07-03 22:09:32.603000,1.11327,1.11314,1800000,1100000
2016-07-03 22:09:33.114000,1.11327,1.11314,2100000,1570000
2016-07-03 22:09:34.703000,1.11327,1.11314,2100000,1500000
2016-07-03 22:09:41.668000,1.11327,1.11316,2250000,1000000
2016-07-03 22:09:43.390000,1.11327,1.11314,2250000,1100000
2016-07-03 22:09:44.687000,1.11327,1.11315,2250000,1000000
2016-07-03 22:09:45.712000,1.11327,1.11316,2250000,1000000
2016-07-03 22:09:45.995000,1.11327,1.11314,2250000,1100000
2016-07-03 22:09:48.089000,1.11327,1.11320,2250000,1000000
2016-07-03 22:09:48.471000,1.11330,1.11322,3750000,1000000
2016-07-03 22:09:49.408000,1.11330,1.11321,3750000,1000000
2016-07-03 22:09:51.610000,1.11330,1.11320,4120000,1000000
2016-07-03 22:09:54.419000,1.11327,1.11317,2250000,1000000
2016-07-03 22:09:55.522000,1.11327,1.11316,2250000,1100000
2016-07-03 22:09:59.040000,1.11327,1.11315,2250000,1000000
2016-07-03 22:10:01.033000,1.11327,1.11314,2250000,1000000
2016-07-03 22:10:01.237000,1.11327,1.11316,2250000,1000000
2016-07-03 22:10:02.642000,1.11328,1.11322,1450000,3000000
2016-07-03 22:10:02.832000,1.11328,1.11326,1000000,1000000
2016-07-03 22:10:02.883000,1.11336,1.11326,1600000,1000000
2016-07-03 22:10:03.392000,1.11336,1.11327,1600000,1000000
2016-07-03 22:10:06.551000,1.11336,1.11325,1600000,3370000
2016-07-03 22:10:07.085000,1.11336,1.11326,1350000,1000000
2016-07-03 22:10:11.063000,1.11338,1.11325,3370000,3370000
2016-07-03 22:10:11.566000,1.11338,1.11326,3370000,1000000
2016-07-03 22:10:12.963000,1.11338,1.11325,3000000,4120000
2016-07-03 22:10:13.492000,1.11338,1.11326,3370000,1000000
2016-07-03 22:10:14.842000,1.11338,1.11327,3370000,1000000
2016-07-03 22:10:15.047000,1.11339,1.11325,1450000,2470000
2016-07-03 22:10:15.098000,1.11339,1.11325,1000000,1270000
2016-07-03 22:10:16.039000,1.11340,1.11324,3000000,2470000
2016-07-03 22:10:16.292000,1.11341,1.11325,1500000,2770000
2016-07-03 22:10:22.683000,1.11345,1.11334,1600000,1650000
2016-07-03 22:10:22.785000,1.11348,1.11340,1000000,1300000
2016-07-03 22:10:22.887000,1.11351,1.11340,1000000,1720000
2016-07-03 22:10:22.988000,1.11353,1.11340,1500000,1720000
2016-07-03 22:11:01.679000,1.11353,1.11341,1000000,1000000
2016-07-03 22:11:01.730000,1.11347,1.11340,1000000,1720000
2016-07-03 22:11:02.836000,1.11355,1.11340,1500000,2850000
2016-07-03 22:11:02.887000,1.11355,1.11340,1500000,2850000
2016-07-03 22:11:15.290000,1.11355,1.11341,1500000,1000000
2016-07-03 22:11:18.937000,1.11355,1.11346,1500000,3000000
2016-07-03 22:11:19.242000,1.11355,1.11348,1500000,1000000
2016-07-03 22:11:19.773000,1.11355,1.11347,1120000,1000000
2016-07-03 22:11:21.226000,1.11355,1.11345,1500000,3070000
2016-07-03 22:11:22.244000,1.11355,1.11347,1500000,1000000
2016-07-03 22:11:34.412000,1.11356,1.11353,1500000,1000000
2016-07-03 22:11:34.564000,1.11363,1.11359,1500000,1000000
2016-07-03 22:11:34.615000,1.11366,1.11359,1000000,3000000
2016-07-03 22:11:34.717000,1.11365,1.11356,1120000,1100000
2016-07-03 22:11:35.236000,1.11365,1.11357,1120000,1000000
2016-07-03 22:11:35.287000,1.11369,1.11356,1070000,1100000
2016-07-03 22:11:35.795000,1.11369,1.11356,1100000,1070000
2016-07-03 22:11:36.149000,1.11369,1.11359,1070000,1000000
2016-07-03 22:11:36.251000,1.11370,1.11357,3750000,1500000
2016-07-03 22:11:36.793000,1.11369,1.11356,1070000,1100000
2016-07-03 22:11:44.961000,1.11370,1.11355,4200000,1500000
2016-07-03 22:11:46.989000,1.11370,1.11361,3450000,1000000
2016-07-03 22:11:49,1.11370,1.11360,3070000,1000000
2016-07-03 22:11:50.181000,1.11369,1.11359,1100000,1000000
2016-07-03 22:11:53.072000,1.11369,1.11359,1570000,1000000
2016-07-03 22:11:59.006000,1.11370,1.11358,5250000,1000000
2016-07-03 22:11:59.925000,1.11370,1.11358,5250000,1000000
2016-07-03 22:12:00.478000,1.11370,1.11358,4500000,1000000
2016-07-03 22:12:04.211000,1.11370,1.11354,5250000,2700000
2016-07-03 22:12:19.252000,1.11368,1.11353,1870000,2320000
2016-07-03 22:12:19.778000,1.11367,1.11352,2470000,1070000
2016-07-03 22:12:55.063000,1.11368,1.11359,4500000,1000000
2016-07-03 22:13:01.056000,1.11368,1.11358,5250000,1000000
2016-07-03 22:13:01.258000,1.11367,1.11352,2470000,1450000
2016-07-03 22:13:23.762000,1.11367,1.11352,2920000,1070000
2016-07-03 22:13:36.195000,1.11368,1.11351,5470000,4870000
2016-07-03 22:13:54.581000,1.11368,1.11354,2770000,1000000
2016-07-03 22:13:54.633000,1.11369,1.11355,2320000,1120000
2016-07-03 22:13:55.144000,1.11370,1.11354,4200000,3000000
2016-07-03 22:13:57.207000,1.11370,1.11354,4200000,2620000
2016-07-03 22:13:59.157000,1.11370,1.11354,3370000,1870000
2016-07-03 22:14:31.274000,1.11370,1.11354,4500000,2320000
2016-07-03 22:14:31.376000,1.11370,1.11354,5620000,1500000
2016-07-03 22:14:31.629000,1.11370,1.11354,5620000,2320000
2016-07-03 22:14:31.731000,1.11370,1.11354,5700000,1570000
2016-07-03 22:14:41.452000,1.11370,1.11367,1570000,2500000
2016-07-03 22:14:41.814000,1.11356,1.11353,4120000,1000000
2016-07-03 22:14:41.916000,1.11349,1.11347,1000000,1500000
2016-07-03 22:14:42.018000,1.11348,1.11345,1450000,1000000
2016-07-03 22:14:42.094000,1.11348,1.11339,1450000,1100000
2016-07-03 22:14:42.247000,1.11344,1.11336,2620000,1120000
2016-07-03 22:14:42.349000,1.11341,1.11332,1120000,1950000
2016-07-03 22:14:42.860000,1.11341,1.11333,1120000,1000000
2016-07-03 22:14:42.948000,1.11341,1.11330,1120000,1760000
2016-07-03 22:14:43.356000,1.11341,1.11333,1120000,1000000
2016-07-03 22:14:44.025000,1.11341,1.11332,1120000,1500000
2016-07-03 22:14:44.433000,1.11343,1.11342,1120000,1000000
2016-07-03 22:14:44.507000,1.11351,1.11342,1200000,1000000
2016-07-03 22:14:44.762000,1.11343,1.11337,1000000,1500000
2016-07-03 22:14:44.813000,1.11343,1.11334,1450000,1000000
2016-07-03 22:14:45.320000,1.11344,1.11333,1450000,1000000
2016-07-03 22:14:47.845000,1.11343,1.11338,3000000,1000000
2016-07-03 22:14:49.126000,1.11343,1.11338,2320000,1000000
2016-07-03 22:14:59.936000,1.11341,1.11337,1500000,1000000
2016-07-03 22:15:00.244000,1.11343,1.11337,1100000,1000000
2016-07-03 22:15:00.650000,1.11343,1.11335,1050000,2250000
2016-07-03 22:15:01.442000,1.11343,1.11336,1050000,1000000
2016-07-03 22:15:03.130000,1.11343,1.11336,1200000,1000000
2016-07-03 22:15:03.385000,1.11345,1.11339,2250000,1000000
2016-07-03 22:15:03.893000,1.11347,1.11340,1700000,1000000
2016-07-03 22:15:03.995000,1.11347,1.11338,1700000,3750000
2016-07-03 22:15:07.372000,1.11346,1.11339,1500000,1000000
2016-07-03 22:15:12.777000,1.11346,1.11340,1500000,1000000
2016-07-03 22:15:21.080000,1.11346,1.11339,1120000,1000000
2016-07-03 22:15:21.182000,1.11350,1.11342,1870000,1000000
2016-07-03 22:15:21.688000,1.11350,1.11341,1870000,1000000
2016-07-03 22:15:22.194000,1.11350,1.11340,1870000,1000000
2016-07-03 22:15:22.724000,1.11350,1.11341,1870000,1000000
2016-07-03 22:15:23.230000,1.11350,1.11342,1870000,1000000
2016-07-03 22:15:23.506000,1.11350,1.11339,1870000,1500000
2016-07-03 22:15:23.607000,1.11350,1.11341,1870000,1000000
2016-07-03 22:15:24.292000,1.11350,1.11340,1870000,2020000
2016-07-03 22:15:24.829000,1.11350,1.11340,1070000,1000000
2016-07-03 22:15:25.354000,1.11350,1.11341,1570000,1000000
2016-07-03 22:15:25.913000,1.11350,1.11340,1070000,1000000
2016-07-03 22:15:26.480000,1.11350,1.11341,1070000,1000000
2016-07-03 22:15:31.743000,1.11351,1.11339,7120000,1000000
2016-07-03 22:15:32.249000,1.11350,1.11340,1070000,1000000
2016-07-03 22:15:32.791000,1.11350,1.11339,1070000,3670000
2016-07-03 22:15:33.095000,1.11350,1.11340,4870000,1000000
2016-07-03 22:15:33.700000,1.11350,1.11339,4120000,2250000
2016-07-03 22:15:34.004000,1.11344,1.11337,2250000,1000000
2016-07-03 22:15:34.055000,1.11343,1.11335,2250000,1500000
2016-07-03 22:15:34.106000,1.11343,1.11333,2250000,1000000
2016-07-03 22:15:48.014000,1.11344,1.11341,4050000,6370000
2016-07-03 22:15:48.116000,1.11347,1.11344,1500000,3370000
2016-07-03 22:15:48.472000,1.11351,1.11344,1120000,1500000
2016-07-03 22:15:49.490000,1.11351,1.11343,1120000,5100000
2016-07-03 22:15:50.002000,1.11351,1.11344,1120000,1000000
2016-07-03 22:15:50.971000,1.11351,1.11343,1120000,5100000
2016-07-03 22:15:51.473000,1.11351,1.11344,1120000,1000000
2016-07-03 22:15:53.412000,1.11351,1.11343,1120000,2770000
2016-07-03 22:15:53.513000,1.11351,1.11345,1120000,1000000
2016-07-03 22:15:55.347000,1.11351,1.11344,1870000,1500000
2016-07-03 22:15:55.652000,1.11334,1.11332,1000000,1500000
2016-07-03 22:15:55.703000,1.11333,1.11328,1000000,1500000
2016-07-03 22:15:55.754000,1.11333,1.11325,1000000,1000000
2016-07-03 22:15:55.958000,1.11331,1.11325,1000000,1500000
2016-07-03 22:15:56.286000,1.11315,1.11313,1000000,1000000
2016-07-03 22:15:56.338000,1.11314,1.11308,1000000,1570000
2016-07-03 22:15:56.440000,1.11319,1.11309,1120000,1500000
2016-07-03 22:15:56.593000,1.11319,1.11311,1120000,1000000
2016-07-03 22:15:58.946000,1.11320,1.11311,4120000,1000000
2016-07-03 22:15:59.250000,1.11316,1.11310,1120000,3070000
2016-07-03 22:15:59.787000,1.11317,1.11310,1120000,3070000
2016-07-03 22:16:01.362000,1.11317,1.11310,1120000,3070000
2016-07-03 22:16:01.928000,1.11316,1.11310,1120000,3790000
2016-07-03 22:16:04.051000,1.11316,1.11312,1270000,1000000
2016-07-03 22:16:40.827000,1.11320,1.11315,3000000,1000000
2016-07-03 22:16:41.195000,1.11320,1.11316,3750000,1120000
2016-07-03 22:16:44.062000,1.11318,1.11317,1000000,1000000
2016-07-03 22:16:47.141000,1.11320,1.11317,3150000,1000000
2016-07-03 22:16:47.361000,1.11320,1.11317,1000000,1000000
2016-07-03 22:16:47.875000,1.11321,1.11317,1500000,1000000
2016-07-03 22:16:48.181000,1.11321,1.11319,1500000,1000000
2016-07-03 22:16:49.286000,1.11321,1.11318,1500000,1000000
2016-07-03 22:16:51.756000,1.11321,1.11317,1500000,1000000
2016-07-03 22:16:55.789000,1.11322,1.11316,1500000,1000000
2016-07-03 22:16:59.173000,1.11322,1.11320,1120000,1000000
2016-07-03 22:16:59.225000,1.11326,1.11320,1500000,1500000
2016-07-03 22:16:59.731000,1.11327,1.11320,1500000,1500000
2016-07-03 22:17:00.237000,1.11326,1.11320,1500000,1500000
2016-07-03 22:17:02.525000,1.11326,1.11319,1500000,1000000
2016-07-03 22:17:11.326000,1.11326,1.11324,1120000,1000000
2016-07-03 22:17:11.727000,1.11341,1.11340,1000000,1000000
2016-07-03 22:17:11.814000,1.11348,1.11340,2320000,1000000
2016-07-03 22:17:12.153000,1.11346,1.11338,1200000,1500000
2016-07-03 22:17:12.204000,1.11346,1.11335,1200000,3750000
2016-07-03 22:17:12.710000,1.11346,1.11335,1200000,3190000
2016-07-03 22:17:13.259000,1.11347,1.11335,1520000,1000000
2016-07-03 22:17:15.138000,1.11347,1.11333,1520000,2320000
2016-07-03 22:17:15.644000,1.11347,1.11335,1520000,1000000
2016-07-03 22:17:19.710000,1.11346,1.11335,1570000,1000000
2016-07-03 22:17:26.775000,1.11346,1.11334,1350000,7460000
2016-07-03 22:17:26.826000,1.11348,1.11334,3000000,8890000
2016-07-03 22:17:30.279000,1.11348,1.11336,1900000,1000000
2016-07-03 22:17:38.253000,1.11348,1.11335,1870000,4570000
2016-07-03 22:17:38.759000,1.11348,1.11336,1870000,2890000
2016-07-03 22:17:39.306000,1.11350,1.11338,3450000,1000000
2016-07-03 22:17:39.408000,1.11350,1.11337,3370000,1500000
2016-07-03 22:17:39.838000,1.11352,1.11341,3370000,3750000
2016-07-03 22:17:40.147000,1.11351,1.11342,1500000,6000000
2016-07-03 22:17:40.451000,1.11351,1.11340,1500000,5250000
2016-07-03 22:17:40.976000,1.11351,1.11340,1120000,4390000
2016-07-03 22:17:49.892000,1.11351,1.11340,1500000,4500000
2016-07-03 22:17:50.436000,1.11351,1.11340,1500000,4610000
2016-07-03 22:17:58.759000,1.11351,1.11344,1500000,1000000
2016-07-03 22:17:58.862000,1.11351,1.11341,1500000,1000000
2016-07-03 22:18:01.394000,1.11351,1.11340,1500000,1570000
2016-07-03 22:18:01.917000,1.11351,1.11340,1500000,3150000
2016-07-03 22:18:12.664000,1.11351,1.11340,1120000,5320000
2016-07-03 22:18:21.333000,1.11351,1.11341,1500000,3000000
2016-07-03 22:18:27.174000,1.11351,1.11340,1500000,7200000
2016-07-03 22:18:31.234000,1.11351,1.11340,1500000,6450000
2016-07-03 22:18:41.560000,1.11351,1.11348,1500000,1000000
2016-07-03 22:18:41.864000,1.11351,1.11342,1500000,1000000
2016-07-03 22:18:42.414000,1.11351,1.11340,1500000,5700000
2016-07-03 22:19:02.103000,1.11351,1.11345,1500000,1000000
2016-07-03 22:19:07.014000,1.11351,1.11344,1500000,1000000
2016-07-03 22:19:14.989000,1.11351,1.11343,1500000,1000000
2016-07-03 22:19:24.018000,1.11351,1.11342,1500000,1000000
2016-07-03 22:19:27.003000,1.11351,1.11341,2250000,1000000
2016-07-03 22:19:27.349000,1.11348,1.11340,1000000,2250000
2016-07-03 22:19:35.132000,1.11349,1.11339,1000000,3750000
2016-07-03 22:19:37.404000,1.11351,1.11340,1500000,1000000
2016-07-03 22:19:41.817000,1.11351,1.11339,1500000,2250000
2016-07-03 22:20:29.007000,1.11350,1.11337,1870000,2290000
2016-07-03 22:20:29.515000,1.11346,1.11335,1500000,7160000
2016-07-03 22:20:30.255000,1.11346,1.11344,1500000,1120000
2016-07-03 22:20:32.974000,1.11346,1.11336,1500000,3790000
2016-07-03 22:20:33.526000,1.11346,1.11335,1500000,7910000
2016-07-03 22:20:47.855000,1.11345,1.11335,1150000,4540000
2016-07-03 22:20:48.162000,1.11320,1.11319,1500000,1100000
2016-07-03 22:20:48.482000,1.11315,1.11313,1500000,1000000
2016-07-03 22:20:48.635000,1.11315,1.11307,1500000,1570000
2016-07-03 22:20:48.838000,1.11315,1.11309,1000000,1000000
2016-07-03 22:20:50.085000,1.11316,1.11309,2250000,1000000
2016-07-03 22:20:50.660000,1.11315,1.11309,1000000,1000000
2016-07-03 22:20:51.124000,1.11315,1.11312,1000000,1000000
2016-07-03 22:20:52.717000,1.11315,1.11313,1000000,1120000
2016-07-03 22:20:53.749000,1.11315,1.11312,1000000,1000000
2016-07-03 22:20:54.255000,1.11316,1.11312,1500000,1000000
2016-07-03 22:21:01.841000,1.11316,1.11311,1870000,1120000
2016-07-03 22:21:04.060000,1.11319,1.11313,1750000,1000000
2016-07-03 22:21:04.112000,1.11320,1.11313,2250000,1000000
2016-07-03 22:21:04.625000,1.11322,1.11314,1500000,1000000
2016-07-03 22:21:05.143000,1.11321,1.11313,1500000,2700000
2016-07-03 22:21:05.699000,1.11321,1.11314,1500000,1000000
2016-07-03 22:21:08.852000,1.11321,1.11315,1500000,1500000
2016-07-03 22:21:09.359000,1.11321,1.11314,3750000,1500000
2016-07-03 22:21:10.298000,1.11321,1.11313,3750000,2620000
2016-07-03 22:21:11.112000,1.11321,1.11315,1500000,1500000
2016-07-03 22:21:11.619000,1.11321,1.11314,3750000,1000000
2016-07-03 22:21:13.369000,1.11322,1.11318,1500000,1000000
2016-07-03 22:21:16.207000,1.11321,1.11319,2620000,1000000
2016-07-03 22:21:20.978000,1.11321,1.11319,2620000,1000000
2016-07-03 22:21:24.979000,1.11321,1.11318,3750000,1000000
2016-07-03 22:21:28.946000,1.11321,1.11317,2620000,1000000
2016-07-03 22:21:33.950000,1.11321,1.11316,3750000,1000000
2016-07-03 22:21:39.028000,1.11321,1.11315,3750000,1500000
2016-07-03 22:21:46.322000,1.11321,1.11316,1500000,1000000
2016-07-03 22:21:48.697000,1.11321,1.11315,1500000,1000000
2016-07-03 22:22:02.925000,1.11324,1.11314,2250000,3000000
2016-07-03 22:22:06.212000,1.11324,1.11320,2250000,1000000
2016-07-03 22:22:06.264000,1.11324,1.11321,1650000,1500000
2016-07-03 22:22:06.315000,1.11324,1.11320,2100000,2250000
2016-07-03 22:22:06.834000,1.11324,1.11321,2100000,1500000
2016-07-03 22:22:09.796000,1.11324,1.11320,2100000,2250000
2016-07-03 22:22:11.725000,1.11324,1.11315,2250000,3370000
2016-07-03 22:22:11.827000,1.11324,1.11314,2250000,3070000
2016-07-03 22:22:18.358000,1.11324,1.11317,2100000,1000000
2016-07-03 22:22:18.409000,1.11328,1.11319,3220000,1000000
2016-07-03 22:22:18.461000,1.11328,1.11321,2170000,1000000
2016-07-03 22:22:18.512000,1.11330,1.11321,1870000,1000000
2016-07-03 22:22:18.613000,1.11331,1.11321,3070000,1000000
2016-07-03 22:22:19.136000,1.11331,1.11321,3000000,1000000
2016-07-03 22:22:19.390000,1.11331,1.11323,1120000,2250000
2016-07-03 22:22:19.491000,1.11334,1.11324,2320000,3000000
2016-07-03 22:22:19.999000,1.11334,1.11325,1000000,1500000
2016-07-03 22:22:23.836000,1.11335,1.11325,1000000,2250000
2016-07-03 22:22:27.805000,1.11336,1.11325,2320000,1500000
2016-07-03 22:22:32.435000,1.11336,1.11324,1570000,2250000
2016-07-03 22:22:33.757000,1.11336,1.11324,1570000,1570000
2016-07-03 22:22:37.716000,1.11336,1.11324,1570000,2320000
2016-07-03 22:22:40.808000,1.11335,1.11326,1200000,3000000
2016-07-03 22:22:41.113000,1.11335,1.11324,1500000,9820000
2016-07-03 22:22:41.700000,1.11335,1.11325,1500000,1000000
2016-07-03 22:22:45.017000,1.11335,1.11324,1500000,5320000
2016-07-03 22:22:45.720000,1.11335,1.11325,1500000,1000000
2016-07-03 22:22:55.345000,1.11335,1.11325,1500000,1070000
2016-07-03 22:22:55.852000,1.11335,1.11325,1500000,1100000
2016-07-03 22:22:58.411000,1.11335,1.11329,1500000,1000000
2016-07-03 22:22:58.716000,1.11335,1.11331,1500000,1000000
2016-07-03 22:23:00.462000,1.11335,1.11330,1500000,1120000
2016-07-03 22:23:08.078000,1.11335,1.11329,1500000,1000000
2016-07-03 22:23:10.337000,1.11336,1.11328,1500000,1120000
2016-07-03 22:23:20.954000,1.11336,1.11327,1500000,1500000
2016-07-03 22:23:55.359000,1.11333,1.11327,1000000,1000000
2016-07-03 22:23:55.664000,1.11329,1.11322,1750000,1500000
2016-07-03 22:23:55.715000,1.11329,1.11320,1750000,2250000
2016-07-03 22:23:56.169000,1.11335,1.11334,1120000,1000000
2016-07-03 22:23:56.221000,1.11343,1.11334,3370000,1000000
2016-07-03 22:23:56.374000,1.11345,1.11336,4270000,1000000
2016-07-03 22:23:56.425000,1.11346,1.11336,1100000,1500000
2016-07-03 22:23:56.933000,1.11345,1.11336,1500000,1100000
2016-07-03 22:24:04.011000,1.11345,1.11335,1570000,3370000
2016-07-03 22:24:11.335000,1.11340,1.11334,1000000,1100000
2016-07-03 22:24:15.832000,1.11339,1.11332,1000000,1120000
2016-07-03 22:24:18.438000,1.11345,1.11332,1500000,1120000
2016-07-03 22:24:20.413000,1.11345,1.11332,1500000,1100000
2016-07-03 22:24:22.663000,1.11345,1.11334,1500000,1000000
2016-07-03 22:24:26.822000,1.11345,1.11335,1500000,1000000
2016-07-03 22:24:27.519000,1.11345,1.11334,1500000,1870000
2016-07-03 22:24:31.037000,1.11345,1.11333,1500000,1500000
2016-07-03 22:24:31.954000,1.11345,1.11340,1500000,1000000
2016-07-03 22:24:44.862000,1.11345,1.11339,1500000,1870000
2016-07-03 22:24:52.944000,1.11345,1.11338,1500000,1500000
2016-07-03 22:24:56.989000,1.11345,1.11339,1500000,1000000
2016-07-03 22:25:01.962000,1.11345,1.11338,1500000,2620000
2016-07-03 22:25:15.002000,1.11345,1.11337,1500000,1000000
2016-07-03 22:25:15.503000,1.11345,1.11336,1500000,1500000
2016-07-03 22:25:15.819000,1.11343,1.11333,1000000,1570000
2016-07-03 22:25:19.789000,1.11344,1.11333,1500000,1570000
2016-07-03 22:25:24.154000,1.11345,1.11332,1870000,3750000
2016-07-03 22:25:25.338000,1.11344,1.11332,1000000,1870000
2016-07-03 22:25:25.644000,1.11335,1.11327,1120000,1000000
2016-07-03 22:25:26.465000,1.11336,1.11327,1500000,1000000
2016-07-03 22:25:27.187000,1.11335,1.11327,4500000,1000000
2016-07-03 22:25:27.289000,1.11330,1.11322,1500000,1100000
2016-07-03 22:25:27.390000,1.11330,1.11320,1500000,1570000
2016-07-03 22:25:43.979000,1.11330,1.11326,1500000,1000000
2016-07-03 22:25:44.291000,1.11330,1.11326,1500000,3000000
2016-07-03 22:25:46.927000,1.11333,1.11330,3450000,2120000
2016-07-03 22:25:47.436000,1.11330,1.11326,1500000,2250000
2016-07-03 22:25:47.487000,1.11330,1.11320,1500000,1570000
2016-07-03 22:25:47.994000,1.11330,1.11319,1500000,1070000
2016-07-03 22:25:51.793000,1.11330,1.11322,1500000,1000000
2016-07-03 22:25:52.340000,1.11331,1.11323,1500000,1000000
2016-07-03 22:26:04.012000,1.11331,1.11322,1500000,1500000
2016-07-03 22:26:25.459000,1.11331,1.11328,1500000,1870000
2016-07-03 22:26:25.763000,1.11333,1.11331,1870000,2620000
2016-07-03 22:26:26.287000,1.11334,1.11330,4120000,2870000
2016-07-03 22:26:26.962000,1.11333,1.11331,1870000,2120000
2016-07-03 22:26:28.755000,1.11334,1.11331,2620000,2620000
2016-07-03 22:26:29.856000,1.11334,1.11330,2700000,1870000
2016-07-03 22:26:30.034000,1.11332,1.11330,1500000,1870000
2016-07-03 22:26:32.367000,1.11330,1.11328,1500000,3370000
2016-07-03 22:26:33.980000,1.11330,1.11328,1500000,4120000
2016-07-03 22:26:36.985000,1.11331,1.11330,1500000,1500000
2016-07-03 22:26:42.983000,1.11330,1.11329,1500000,1500000
2016-07-03 22:26:46.946000,1.11331,1.11328,1500000,1500000
2016-07-03 22:26:50.451000,1.11330,1.11324,1500000,1370000
2016-07-03 22:26:50.503000,1.11330,1.11324,1500000,1000000
2016-07-03 22:26:50.554000,1.11330,1.11322,1500000,1870000
2016-07-03 22:26:51.085000,1.11330,1.11321,1500000,1000000
2016-07-03 22:26:51.614000,1.11330,1.11320,1500000,1570000
2016-07-03 22:27:04.543000,1.11330,1.11322,1500000,1000000
2016-07-03 22:27:04.848000,1.11330,1.11328,1500000,1500000
2016-07-03 22:27:04.950000,1.11330,1.11325,1500000,1500000
2016-07-03 22:27:05.103000,1.11330,1.11323,1500000,1500000
2016-07-03 22:27:05.327000,1.11330,1.11321,1500000,1000000
2016-07-03 22:27:05.379000,1.11330,1.11319,1500000,1950000
2016-07-03 22:27:08.389000,1.11330,1.11319,1500000,1120000
2016-07-03 22:27:30.694000,1.11330,1.11328,1500000,1000000
2016-07-03 22:27:30.924000,1.11331,1.11325,1500000,1000000
2016-07-03 22:27:31.228000,1.11330,1.11322,1500000,1000000
2016-07-03 22:27:35.001000,1.11330,1.11321,1500000,1100000
2016-07-03 22:27:36.350000,1.11330,1.11323,1500000,1000000
2016-07-03 22:27:36.654000,1.11330,1.11325,1500000,1000000
2016-07-03 22:27:36.908000,1.11330,1.11322,1500000,1000000
2016-07-03 22:27:37.234000,1.11330,1.11328,1500000,1000000
2016-07-03 22:27:37.437000,1.11335,1.11329,1350000,1000000
2016-07-03 22:27:43.531000,1.11338,1.11330,1750000,1000000
2016-07-03 22:27:54.159000,1.11338,1.11332,1750000,1000000
2016-07-03 22:27:54.414000,1.11354,1.11348,1120000,1000000
2016-07-03 22:27:54.466000,1.11354,1.11345,1000000,3000000
2016-07-03 22:27:54.978000,1.11354,1.11344,1000000,3000000
2016-07-03 22:27:56.819000,1.11355,1.11344,4950000,2250000
2016-07-03 22:27:57.130000,1.11352,1.11344,1650000,1500000
2016-07-03 22:27:57.467000,1.11333,1.11331,2620000,3000000
