time,ask,bid,ask_volume,bid_volume
2016-06-12 21:00:08.571000,1.12535,1.12480,750000,750000
2016-06-12 21:00:20.084000,1.12536,1.12481,750000,750000
2016-06-12 21:00:20.135000,1.12541,1.12481,1500000,1500000
2016-06-12 21:00:34.927000,1.12541,1.12487,2250000,750000
2016-06-12 21:00:44.611000,1.12540,1.12487,750000,750000
2016-06-12 21:02:05.073000,1.12539,1.12487,1500000,750000
2016-06-12 21:02:35.555000,1.12534,1.12487,2250000,750000
2016-06-12 21:02:49.719000,1.12513,1.12487,750000,750000
2016-06-12 21:02:49.770000,1.12513,1.12483,750000,750000
2016-06-12 21:02:50.035000,1.12513,1.12485,1500000,750000
2016-06-12 21:02:50.221000,1.12515,1.12485,750000,750000
2016-06-12 21:02:50.322000,1.12521,1.12485,750000,750000
2016-06-12 21:02:50.910000,1.12528,1.12485,1500000,750000
2016-06-12 21:03:04.149000,1.12524,1.12484,750000,750000
2016-06-12 21:03:04.783000,1.12523,1.12484,750000,750000
2016-06-12 21:03:28.187000,1.12523,1.12485,1500000,750000
2016-06-12 21:03:28.298000,1.12528,1.12485,750000,750000
2016-06-12 21:03:32.894000,1.12515,1.12483,750000,750000
2016-06-12 21:03:33.196000,1.12515,1.12485,750000,750000
2016-06-12 21:03:33.353000,1.12521,1.12485,750000,750000
2016-06-12 21:03:33.918000,1.12528,1.12485,1500000,750000
2016-06-12 21:03:44.822000,1.12529,1.12485,1500000,750000
2016-06-12 21:04:27.265000,1.12529,1.12495,1500000,750000
2016-06-12 21:04:28.498000,1.12522,1.12495,1000000,750000
2016-06-12 21:04:34.173000,1.12525,1.12494,1000000,1000000
2016-06-12 21:04:58.605000,1.12524,1.12489,1000000,1000000
2016-06-12 21:05:04.223000,1.12514,1.12489,1500000,1000000
2016-06-12 21:05:04.594000,1.12509,1.12486,1000000,750000
2016-06-12 21:05:09.344000,1.12511,1.12486,1000000,1000000
2016-06-12 21:05:12.257000,1.12514,1.12502,1000000,750000
2016-06-12 21:05:12.460000,1.12520,1.12513,3750000,1000000
2016-06-12 21:05:13.250000,1.12520,1.12518,3750000,750000
2016-06-12 21:05:13.353000,1.12537,1.12519,1250000,1500000
2016-06-12 21:05:13.455000,1.12542,1.12524,1000000,1000000
2016-06-12 21:05:14.539000,1.12531,1.12492,1000000,2250000
2016-06-12 21:05:39.215000,1.12528,1.12492,1000000,2250000
2016-06-12 21:05:39.518000,1.12525,1.12492,2250000,2250000
2016-06-12 21:05:40.094000,1.12524,1.12492,1000000,2250000
2016-06-12 21:05:41.193000,1.12524,1.12486,1000000,1120000
2016-06-12 21:05:45.846000,1.12518,1.12486,1000000,1120000
2016-06-12 21:05:46.377000,1.12516,1.12486,1000000,1120000
2016-06-12 21:05:48.853000,1.12538,1.12523,1000000,1000000
2016-06-12 21:05:49.156000,1.12540,1.12530,1000000,750000
2016-06-12 21:05:49.732000,1.12543,1.12530,1500000,1000000
2016-06-12 21:05:50.103000,1.12543,1.12519,2250000,1190000
2016-06-12 21:05:50.154000,1.12541,1.12513,1000000,1000000
2016-06-12 21:05:50.205000,1.12541,1.12510,1500000,1000000
2016-06-12 21:05:50.433000,1.12541,1.12506,1500000,1000000
2016-06-12 21:06:01.894000,1.12540,1.12506,1000000,1000000
2016-06-12 21:06:13.325000,1.12519,1.12506,1500000,1000000
2016-06-12 21:07:34.439000,1.12541,1.12508,1500000,3750000
2016-06-12 21:07:34.548000,1.12541,1.12510,1500000,1190000
2016-06-12 21:07:41.083000,1.12541,1.12512,1500000,1190000
2016-06-12 21:07:41.749000,1.12541,1.12511,1500000,1190000
2016-06-12 21:07:54.032000,1.12541,1.12508,1500000,2250000
2016-06-12 21:07:54.637000,1.12541,1.12504,1500000,3560000
2016-06-12 21:08:03.713000,1.12540,1.12504,1000000,1310000
2016-06-12 21:08:04.389000,1.12541,1.12503,2250000,1190000
2016-06-12 21:08:14.467000,1.12541,1.12506,1500000,2250000
2016-06-12 21:08:14.928000,1.12541,1.12510,1500000,1190000
2016-06-12 21:08:15.507000,1.12541,1.12511,1000000,1190000
2016-06-12 21:08:15.716000,1.12541,1.12505,1500000,1500000
2016-06-12 21:08:16.247000,1.12541,1.12504,1000000,1250000
2016-06-12 21:08:17.267000,1.12519,1.12504,750000,1250000
2016-06-12 21:08:17.318000,1.12541,1.12504,1000000,1250000
2016-06-12 21:08:20.240000,1.12518,1.12503,750000,1190000
2016-06-12 21:08:24.351000,1.12518,1.12503,1750000,1190000
2016-06-12 21:08:36.698000,1.12518,1.12503,1750000,1190000
2016-06-12 21:08:37.374000,1.12517,1.12503,1750000,1190000
2016-06-12 21:08:41.003000,1.12541,1.12503,1000000,1190000
2016-06-12 21:08:45.121000,1.12541,1.12516,1500000,750000
2016-06-12 21:08:57.263000,1.12541,1.12518,1500000,750000
2016-06-12 21:09:06.367000,1.12538,1.12518,1500000,750000
2016-06-12 21:09:06.468000,1.12535,1.12514,1500000,750000
2016-06-12 21:09:06.671000,1.12533,1.12517,1000000,750000
2016-06-12 21:09:06.772000,1.12531,1.12512,1500000,750000
2016-06-12 21:09:07.077000,1.12527,1.12517,1000000,750000
2016-06-12 21:09:07.179000,1.12527,1.12509,1000000,1000000
2016-06-12 21:09:07.748000,1.12527,1.12510,1000000,1000000
2016-06-12 21:09:13.364000,1.12527,1.12508,1000000,1000000
2016-06-12 21:09:16.186000,1.12528,1.12508,1500000,1000000
2016-06-12 21:09:16.288000,1.12537,1.12515,2170000,750000
2016-06-12 21:09:16.389000,1.12538,1.12515,1120000,750000
2016-06-12 21:09:24.681000,1.12539,1.12515,1870000,750000
2016-06-12 21:09:26.102000,1.12540,1.12518,1370000,750000
2016-06-12 21:09:30.107000,1.12541,1.12517,2810000,750000
2016-06-12 21:09:31.485000,1.12541,1.12518,2810000,750000
2016-06-12 21:09:33.425000,1.12541,1.12518,2810000,750000
2016-06-12 21:09:34.574000,1.12541,1.12516,2810000,1000000
2016-06-12 21:09:36.990000,1.12540,1.12516,1340000,1000000
2016-06-12 21:09:52.458000,1.12539,1.12512,1000000,1000000
2016-06-12 21:09:57.603000,1.12535,1.12512,1000000,750000
2016-06-12 21:09:57.704000,1.12535,1.12510,1500000,1000000
2016-06-12 21:09:57.907000,1.12535,1.12513,1000000,750000
2016-06-12 21:09:58.603000,1.12537,1.12513,1000000,750000
2016-06-12 21:09:59.152000,1.12540,1.12516,2250000,1000000
2016-06-12 21:10:02.552000,1.12540,1.12513,2250000,1000000
2016-06-12 21:10:02.654000,1.12539,1.12516,1000000,1000000
2016-06-12 21:10:03.135000,1.12539,1.12514,1000000,1000000
2016-06-12 21:10:03.237000,1.12539,1.12516,1000000,1000000
2016-06-12 21:10:03.964000,1.12538,1.12516,1000000,1000000
2016-06-12 21:10:04.066000,1.12538,1.12514,1000000,1000000
2016-06-12 21:10:04.168000,1.12538,1.12516,2250000,1000000
2016-06-12 21:10:04.497000,1.12535,1.12516,3000000,1000000
2016-06-12 21:10:04.915000,1.12524,1.12508,750000,2250000
2016-06-12 21:10:07.994000,1.12524,1.12502,750000,1000000
2016-06-12 21:10:08.045000,1.12520,1.12502,1000000,1500000
2016-06-12 21:10:08.449000,1.12516,1.12503,1000000,1000000
2016-06-12 21:10:08.651000,1.12517,1.12500,1000000,2250000
2016-06-12 21:10:10.098000,1.12517,1.12500,1690000,3750000
2016-06-12 21:10:10.409000,1.12516,1.12502,1000000,1000000
2016-06-12 21:10:10.915000,1.12516,1.12501,1000000,1000000
2016-06-12 21:10:30.966000,1.12515,1.12501,1000000,1000000
2016-06-12 21:11:32.748000,1.12517,1.12501,1000000,1000000
2016-06-12 21:11:43.275000,1.12515,1.12501,1000000,1000000
2016-06-12 21:11:43.578000,1.12512,1.12505,1250000,1000000
2016-06-12 21:11:43.680000,1.12512,1.12503,1000000,1000000
2016-06-12 21:11:43.781000,1.12512,1.12500,1000000,1500000
2016-06-12 21:11:43.883000,1.12509,1.12503,750000,1000000
2016-06-12 21:11:44.234000,1.12516,1.12503,1000000,1000000
2016-06-12 21:12:09.903000,1.12514,1.12503,1000000,1000000
2016-06-12 21:12:10.206000,1.12512,1.12503,1100000,1000000
2016-06-12 21:12:10.452000,1.12514,1.12503,1000000,1000000
2016-06-12 21:12:20.831000,1.12515,1.12503,1000000,1000000
2016-06-12 21:13:00.139000,1.12514,1.12503,1000000,1000000
2016-06-12 21:14:51.834000,1.12513,1.12503,1150000,1500000
2016-06-12 21:15:01.027000,1.12514,1.12505,1100000,1000000
2016-06-12 21:15:01.505000,1.12514,1.12503,1570000,1000000
2016-06-12 21:15:01.557000,1.12510,1.12503,1000000,1000000
2016-06-12 21:15:02.041000,1.12513,1.12506,1500000,1000000
2016-06-12 21:15:02.347000,1.12510,1.12506,1100000,1000000
2016-06-12 21:15:02.398000,1.12510,1.12503,1570000,1000000
2016-06-12 21:15:03.067000,1.12510,1.12500,1570000,1000000
2016-06-12 21:15:03.118000,1.12509,1.12490,1500000,1000000
2016-06-12 21:15:03.169000,1.12506,1.12489,1000000,1000000
2016-06-12 21:15:04.869000,1.12507,1.12483,1070000,1010000
2016-06-12 21:15:05.001000,1.12507,1.12483,2320000,1010000
2016-06-12 21:15:08.118000,1.12507,1.12483,2320000,1000000
2016-06-12 21:15:12.508000,1.12507,1.12490,2320000,1000000
2016-06-12 21:15:13.311000,1.12506,1.12494,1100000,1500000
2016-06-12 21:15:21.839000,1.12499,1.12479,1000000,1000000
2016-06-12 21:15:22.397000,1.12499,1.12471,1500000,1100000
2016-06-12 21:15:24.774000,1.12500,1.12471,1500000,1100000
2016-06-12 21:15:27.720000,1.12497,1.12471,1000000,1100000
2016-06-12 21:15:27.889000,1.12491,1.12463,2250000,1000000
2016-06-12 21:15:27.940000,1.12485,1.12463,1000000,1000000
2016-06-12 21:15:28.042000,1.12485,1.12463,1000000,1000000
2016-06-12 21:15:28.295000,1.12490,1.12463,3750000,1000000
2016-06-12 21:15:28.976000,1.12489,1.12463,1500000,1000000
2016-06-12 21:15:31.662000,1.12489,1.12463,1500000,1000000
2016-06-12 21:15:33.362000,1.12489,1.12462,1500000,1000000
2016-06-12 21:15:34.447000,1.12489,1.12462,1500000,1000000
2016-06-12 21:15:42.397000,1.12491,1.12466,1000000,1010000
2016-06-12 21:15:42.448000,1.12495,1.12466,6750000,1010000
2016-06-12 21:15:42.499000,1.12493,1.12466,1000000,1510000
2016-06-12 21:15:42.802000,1.12495,1.12466,1100000,2260000
2016-06-12 21:15:43.336000,1.12496,1.12481,2250000,1100000
2016-06-12 21:15:43.488000,1.12500,1.12484,2250000,1080000
2016-06-12 21:15:44.921000,1.12499,1.12484,1000000,1080000
2016-06-12 21:15:45.857000,1.12499,1.12484,1500000,1080000
2016-06-12 21:15:45.908000,1.12503,1.12484,1500000,1080000
2016-06-12 21:16:04.651000,1.12503,1.12484,1500000,1080000
2016-06-12 21:16:05.135000,1.12504,1.12495,2250000,1000000
2016-06-12 21:16:11.936000,1.12503,1.12494,1000000,750000
2016-06-12 21:16:12.262000,1.12503,1.12494,1000000,760000
2016-06-12 21:16:15.482000,1.12503,1.12477,1000000,1100000
2016-06-12 21:16:18.648000,1.12504,1.12470,2250000,1520000
2016-06-12 21:17:18.179000,1.12502,1.12471,1000000,1900000
2016-06-12 21:17:18.494000,1.12497,1.12470,1000000,1650000
2016-06-12 21:17:24.128000,1.12497,1.12475,1500000,1070000
2016-06-12 21:17:24.820000,1.12497,1.12477,1500000,1070000
2016-06-12 21:17:28.322000,1.12497,1.12474,1500000,1120000
2016-06-12 21:17:36.500000,1.12497,1.12474,1500000,1370000
2016-06-12 21:17:49.992000,1.12497,1.12477,1500000,1070000
2016-06-12 21:17:53.526000,1.12497,1.12477,1500000,1070000
2016-06-12 21:18:09.394000,1.12498,1.12476,1500000,1120000
2016-06-12 21:18:09.989000,1.12498,1.12476,1500000,1070000
2016-06-12 21:18:10.491000,1.12498,1.12476,1500000,1120000
2016-06-12 21:18:24.529000,1.12498,1.12476,1500000,1070000
2016-06-12 21:18:25.071000,1.12499,1.12476,1500000,1120000
2016-06-12 21:18:33.436000,1.12499,1.12472,1500000,1070000
2016-06-12 21:19:37.076000,1.12503,1.12472,2100000,1070000
2016-06-12 21:19:37.859000,1.12503,1.12472,2100000,1070000
2016-06-12 21:19:45.328000,1.12503,1.12472,1600000,1070000
2016-06-12 21:19:48.329000,1.12503,1.12472,1600000,1070000
2016-06-12 21:19:57.839000,1.12503,1.12472,1000000,1880000
2016-06-12 21:19:58.157000,1.12506,1.12479,1500000,1000000
2016-06-12 21:20:20.139000,1.12507,1.12479,1000000,1000000
2016-06-12 21:20:56.374000,1.12508,1.12479,1000000,1000000
2016-06-12 21:20:56.876000,1.12507,1.12479,1000000,1000000
2016-06-12 21:20:58.377000,1.12508,1.12479,1000000,1000000
2016-06-12 21:20:59.389000,1.12507,1.12478,1000000,1100000
2016-06-12 21:22:02.219000,1.12505,1.12479,1000000,1000000
2016-06-12 21:22:07.790000,1.12505,1.12479,2250000,1000000
2016-06-12 21:22:20.824000,1.12505,1.12479,1500000,1000000
2016-06-12 21:22:22.033000,1.12509,1.12492,1000000,450000
2016-06-12 21:22:25.606000,1.12510,1.12498,6000000,450000
2016-06-12 21:22:26.266000,1.12510,1.12500,1500000,450000
2016-06-12 21:22:44.623000,1.12511,1.12500,3000000,450000
2016-06-12 21:23:20.201000,1.12511,1.12502,1500000,450000
2016-06-12 21:23:20.696000,1.12503,1.12493,1000000,450000
2016-06-12 21:23:21.053000,1.12501,1.12492,1000000,450000
2016-06-12 21:23:24.701000,1.12510,1.12499,1870000,450000
2016-06-12 21:23:25.759000,1.12511,1.12501,3750000,450000
2016-06-12 21:23:47.826000,1.12510,1.12500,1000000,450000
2016-06-12 21:23:48.507000,1.12511,1.12501,2250000,450000
2016-06-12 21:23:49.109000,1.12510,1.12501,1000000,450000
2016-06-12 21:24:00.374000,1.12511,1.12501,1500000,450000
2016-06-12 21:24:04.381000,1.12511,1.12500,1870000,450000
2016-06-12 21:24:04.533000,1.12511,1.12502,1000000,450000
2016-06-12 21:24:06.361000,1.12510,1.12501,1000000,450000
2016-06-12 21:24:06.423000,1.12506,1.12495,1000000,450000
2016-06-12 21:24:31.485000,1.12510,1.12500,1000000,450000
2016-06-12 21:24:33.022000,1.12511,1.12500,1000000,450000
2016-06-12 21:24:35.487000,1.12510,1.12500,1000000,450000
2016-06-12 21:24:40.122000,1.12512,1.12501,1500000,450000
2016-06-12 21:24:44.683000,1.12511,1.12502,1000000,450000
2016-06-12 21:25:03.362000,1.12510,1.12501,1000000,450000
2016-06-12 21:25:03.413000,1.12506,1.12495,1000000,450000
2016-06-12 21:25:26.581000,1.12505,1.12494,1100000,450000
2016-06-12 21:25:27.413000,1.12505,1.12494,1070000,450000
2016-06-12 21:25:27.941000,1.12502,1.12493,1000000,450000
2016-06-12 21:25:30.932000,1.12502,1.12493,1070000,450000
2016-06-12 21:25:33.687000,1.12502,1.12492,1070000,450000
2016-06-12 21:25:34.254000,1.12501,1.12479,1100000,1450000
2016-06-12 21:25:37.321000,1.12501,1.12479,1100000,1070000
2016-06-12 21:25:41.864000,1.12504,1.12482,1000000,1070000
2016-06-12 21:25:42.289000,1.12506,1.12482,1000000,1200000
2016-06-12 21:25:57.794000,1.12502,1.12480,1070000,1450000
2016-06-12 21:25:59.902000,1.12507,1.12480,1500000,1450000
2016-06-12 21:26:44.739000,1.12511,1.12485,1500000,1250000
2016-06-12 21:26:52.309000,1.12506,1.12485,1000000,1250000
2016-06-12 21:26:54.209000,1.12508,1.12485,1000000,1250000
2016-06-12 21:26:57.507000,1.12511,1.12485,1000000,1250000
2016-06-12 21:27:00.456000,1.12510,1.12485,1500000,1250000
2016-06-12 21:27:00.840000,1.12508,1.12485,1000000,1250000
2016-06-12 21:27:05.715000,1.12509,1.12485,1000000,1250000
2016-06-12 21:27:06.300000,1.12508,1.12485,1000000,1250000
2016-06-12 21:27:16.832000,1.12509,1.12485,1000000,1250000
2016-06-12 21:27:17.334000,1.12508,1.12485,1000000,1250000
2016-06-12 21:27:19.165000,1.12508,1.12485,1000000,1250000
2016-06-12 21:27:19.851000,1.12508,1.12484,1000000,1000000
2016-06-12 21:27:27.980000,1.12509,1.12484,1000000,1000000
2016-06-12 21:27:29.795000,1.12508,1.12484,1000000,1000000
2016-06-12 21:27:40.018000,1.12506,1.12484,1870000,1000000
2016-06-12 21:27:40.322000,1.12500,1.12482,1070000,1000000
2016-06-12 21:28:04.097000,1.12498,1.12483,1100000,1000000
2016-06-12 21:28:04.604000,1.12500,1.12483,2320000,1000000
2016-06-12 21:28:22.484000,1.12500,1.12486,3070000,1190000
2016-06-12 21:28:22.895000,1.12500,1.12486,3070000,1190000
2016-06-12 21:28:24.614000,1.12500,1.12486,3070000,1190000
2016-06-12 21:28:30.328000,1.12500,1.12486,3070000,1190000
2016-06-12 21:28:31.856000,1.12500,1.12487,2250000,1190000
2016-06-12 21:28:32.160000,1.12498,1.12487,1120000,1190000
2016-06-12 21:28:45.668000,1.12496,1.12485,1120000,1250000
2016-06-12 21:28:46.218000,1.12496,1.12485,1370000,1250000
2016-06-12 21:28:54.027000,1.12496,1.12485,1070000,1250000
2016-06-12 21:28:58.556000,1.12496,1.12485,1370000,1250000
2016-06-12 21:28:58.809000,1.12493,1.12485,1100000,1250000
2016-06-12 21:29:21.220000,1.12493,1.12476,1100000,1130000
2016-06-12 21:29:24.317000,1.12492,1.12473,1070000,1380000
2016-06-12 21:29:25.068000,1.12492,1.12473,1100000,1380000
2016-06-12 21:29:25.585000,1.12491,1.12472,1070000,1380000
2016-06-12 21:29:49.856000,1.12491,1.12472,1070000,1380000
2016-06-12 21:29:50.415000,1.12491,1.12470,1070000,3380000
2016-06-12 21:29:50.821000,1.12491,1.12470,1070000,3380000
2016-06-12 21:29:52.462000,1.12491,1.12470,1100000,1880000
2016-06-12 21:29:52.965000,1.12490,1.12470,1500000,1880000
2016-06-12 21:30:00.264000,1.12492,1.12473,1250000,1880000
2016-06-12 21:30:00.366000,1.12490,1.12471,2320000,2630000
2016-06-12 21:30:01.306000,1.12493,1.12471,1190000,1880000
2016-06-12 21:30:01.981000,1.12487,1.12471,1100000,1880000
2016-06-12 21:30:07.133000,1.12487,1.12470,1000000,3380000
2016-06-12 21:30:16.474000,1.12487,1.12471,1000000,1870000
2016-06-12 21:30:21.381000,1.12487,1.12471,1000000,1120000
2016-06-12 21:30:35.955000,1.12487,1.12472,1000000,1120000
2016-06-12 21:31:00.995000,1.12488,1.12478,1070000,1500000
2016-06-12 21:31:04.698000,1.12488,1.12479,1070000,1500000
2016-06-12 21:31:08.723000,1.12488,1.12479,1070000,1500000
2016-06-12 21:31:09.031000,1.12485,1.12479,1000000,1500000
2016-06-12 21:31:25.006000,1.12486,1.12479,1000000,1500000
2016-06-12 21:31:30.827000,1.12484,1.12479,1000000,1500000
2016-06-12 21:31:32.897000,1.12484,1.12478,1000000,1250000
2016-06-12 21:31:40.442000,1.12484,1.12479,1000000,1250000
2016-06-12 21:32:31.122000,1.12484,1.12478,1100000,1200000
2016-06-12 21:32:34.148000,1.12484,1.12479,1100000,1200000
2016-06-12 21:33:11.784000,1.12484,1.12478,1100000,1500000
2016-06-12 21:33:16.016000,1.12484,1.12479,1100000,1500000
2016-06-12 21:33:16.522000,1.12484,1.12478,1100000,1500000
2016-06-12 21:33:23.294000,1.12484,1.12479,1100000,1500000
2016-06-12 21:33:37.915000,1.12484,1.12478,1100000,1870000
2016-06-12 21:33:39.327000,1.12484,1.12479,1100000,1870000
2016-06-12 21:34:09.944000,1.12485,1.12479,1100000,1870000
2016-06-12 21:34:10.800000,1.12485,1.12479,1070000,1870000
2016-06-12 21:34:27.796000,1.12484,1.12478,1100000,1870000
2016-06-12 21:34:28.339000,1.12484,1.12479,1000000,1870000
2016-06-12 21:34:32.803000,1.12484,1.12478,1000000,1870000
2016-06-12 21:34:33.309000,1.12484,1.12479,1100000,1870000
2016-06-12 21:34:37.162000,1.12486,1.12479,1070000,1870000
2016-06-12 21:34:37.737000,1.12484,1.12478,1100000,1870000
2016-06-12 21:34:39.492000,1.12484,1.12479,1100000,1870000
2016-06-12 21:35:00.725000,1.12484,1.12478,1100000,1500000
2016-06-12 21:35:01.283000,1.12484,1.12479,1100000,1500000
2016-06-12 21:35:10.126000,1.12484,1.12478,1100000,1500000
2016-06-12 21:35:20.531000,1.12484,1.12479,1100000,1500000
2016-06-12 21:35:46.489000,1.12485,1.12480,1070000,1500000
2016-06-12 21:36:31.323000,1.12483,1.12479,1000000,1500000
2016-06-12 21:36:45.486000,1.12484,1.12479,1100000,1500000
2016-06-12 21:36:53.293000,1.12483,1.12479,1000000,1500000
2016-06-12 21:37:00.810000,1.12484,1.12479,1100000,1500000
2016-06-12 21:37:02.816000,1.12484,1.12479,1100000,1500000
2016-06-12 21:37:03.120000,1.12484,1.12475,1100000,1500000
2016-06-12 21:37:03.221000,1.12484,1.12479,1000000,1500000
2016-06-12 21:37:03.837000,1.12484,1.12478,1000000,1500000
2016-06-12 21:37:05.719000,1.12484,1.12481,1000000,4500000
2016-06-12 21:37:05.820000,1.12484,1.12477,1000000,1870000
2016-06-12 21:37:06.810000,1.12484,1.12480,1000000,6000000
2016-06-12 21:37:07.338000,1.12484,1.12480,1000000,4500000
2016-06-12 21:37:11.057000,1.12484,1.12481,1000000,3750000
2016-06-12 21:37:11.512000,1.12484,1.12477,1000000,1870000
2016-06-12 21:37:12.150000,1.12483,1.12479,1000000,6000000
2016-06-12 21:37:15.661000,1.12484,1.12479,1000000,1500000
2016-06-12 21:37:15.763000,1.12484,1.12480,1000000,4500000
2016-06-12 21:37:20.845000,1.12489,1.12482,1000000,1500000
2016-06-12 21:37:21.452000,1.12489,1.12481,1000000,3070000
2016-06-12 21:37:21.554000,1.12490,1.12483,1500000,1500000
2016-06-12 21:37:21.655000,1.12490,1.12481,1500000,1570000
2016-06-12 21:37:22.361000,1.12487,1.12482,1000000,1870000
2016-06-12 21:37:22.463000,1.12492,1.12481,1690000,1100000
2016-06-12 21:37:23.087000,1.12492,1.12483,1690000,1500000
2016-06-12 21:37:25.734000,1.12492,1.12481,1250000,1200000
2016-06-12 21:37:26.334000,1.12492,1.12481,1250000,1100000
2016-06-12 21:37:37.661000,1.12492,1.12481,1250000,1070000
2016-06-12 21:37:45.592000,1.12492,1.12481,1250000,1870000
2016-06-12 21:37:46.482000,1.12492,1.12483,1250000,1100000
2016-06-12 21:37:46.834000,1.12492,1.12483,1250000,1070000
2016-06-12 21:37:48.140000,1.12492,1.12483,1250000,1000000
2016-06-12 21:37:56.950000,1.12492,1.12483,1250000,1070000
2016-06-12 21:37:57.830000,1.12496,1.12483,2250000,1070000
2016-06-12 21:38:01.030000,1.12495,1.12484,1250000,1070000
2016-06-12 21:38:20.798000,1.12495,1.12482,1250000,1370000
2016-06-12 21:38:20.900000,1.12498,1.12484,1500000,1870000
2016-06-12 21:38:21.002000,1.12495,1.12486,1250000,1000000
2016-06-12 21:38:21.978000,1.12495,1.12486,1250000,1070000
2016-06-12 21:38:26.626000,1.12495,1.12486,1250000,1100000
2016-06-12 21:38:29.038000,1.12497,1.12486,2440000,1070000
2016-06-12 21:38:33.221000,1.12497,1.12486,2440000,1070000
2016-06-12 21:38:35.270000,1.12497,1.12493,2440000,1000000
2016-06-12 21:38:35.322000,1.12498,1.12486,2440000,2320000
2016-06-12 21:38:59.908000,1.12497,1.12486,1500000,1070000
2016-06-12 21:39:07.080000,1.12496,1.12486,1250000,1070000
2016-06-12 21:39:07.132000,1.12501,1.12488,1250000,1070000
2016-06-12 21:39:07.335000,1.12503,1.12491,1500000,1100000
2016-06-12 21:39:07.437000,1.12505,1.12491,4690000,1100000
2016-06-12 21:39:07.539000,1.12503,1.12491,2440000,1000000
2016-06-12 21:39:13.387000,1.12502,1.12493,1250000,1000000
2016-06-12 21:39:13.489000,1.12502,1.12487,1250000,1760000
2016-06-12 21:39:13.540000,1.12500,1.12490,1000000,1000000
2016-06-12 21:39:13.642000,1.12502,1.12487,2440000,1760000
2016-06-12 21:39:13.997000,1.12502,1.12487,2440000,3190000
2016-06-12 21:39:14.442000,1.12500,1.12490,1000000,1100000
2016-06-12 21:39:14.543000,1.12503,1.12488,1250000,4390000
2016-06-12 21:39:15.494000,1.12503,1.12488,2440000,4690000
2016-06-12 21:39:17.142000,1.12502,1.12489,1500000,1320000
2016-06-12 21:39:17.295000,1.12503,1.12489,1250000,1010000
2016-06-12 21:39:17.397000,1.12503,1.12489,1250000,1070000
2016-06-12 21:39:17.705000,1.12500,1.12490,1000000,1000000
2016-06-12 21:39:18.036000,1.12503,1.12490,1250000,1100000
2016-06-12 21:39:18.139000,1.12500,1.12490,1000000,1070000
2016-06-12 21:39:18.241000,1.12504,1.12489,2440000,2510000
2016-06-12 21:39:18.443000,1.12502,1.12491,1250000,1100000
2016-06-12 21:39:18.928000,1.12503,1.12489,2440000,1010000
2016-06-12 21:39:19.080000,1.12501,1.12487,1250000,2320000
2016-06-12 21:39:19.383000,1.12502,1.12489,1250000,1760000
2016-06-12 21:39:19.587000,1.12501,1.12489,1250000,1570000
2016-06-12 21:39:20.330000,1.12501,1.12489,1250000,1570000
2016-06-12 21:39:20.836000,1.12502,1.12492,1000000,1000000
2016-06-12 21:39:21.180000,1.12500,1.12490,1000000,1070000
2016-06-12 21:39:21.686000,1.12500,1.12490,1000000,1000000
2016-06-12 21:39:26.843000,1.12501,1.12489,1000000,1100000
2016-06-12 21:39:26.945000,1.12503,1.12488,1500000,1760000
2016-06-12 21:39:27.451000,1.12502,1.12488,1250000,1000000
2016-06-12 21:39:27.956000,1.12502,1.12488,1000000,1190000
2016-06-12 21:39:28.108000,1.12500,1.12487,1250000,1100000
2016-06-12 21:39:29.091000,1.12502,1.12487,1250000,1760000
2016-06-12 21:39:30.233000,1.12500,1.12487,1250000,1100000
2016-06-12 21:39:33.467000,1.12500,1.12489,1250000,1000000
2016-06-12 21:39:33.518000,1.12502,1.12490,1500000,1000000
2016-06-12 21:39:33.569000,1.12500,1.12490,1000000,1870000
2016-06-12 21:39:33.771000,1.12501,1.12490,2440000,1500000
2016-06-12 21:39:33.822000,1.12499,1.12487,1250000,4200000
2016-06-12 21:39:34.328000,1.12499,1.12487,1250000,2250000
2016-06-12 21:39:37.407000,1.12499,1.12487,1250000,1570000
2016-06-12 21:39:41.134000,1.12499,1.12487,1250000,1870000
2016-06-12 21:39:45.183000,1.12502,1.12488,1690000,1760000
2016-06-12 21:39:45.234000,1.12502,1.12488,1690000,1760000
2016-06-12 21:39:46.785000,1.12502,1.12489,1690000,1000000
2016-06-12 21:39:46.886000,1.12500,1.12490,1000000,1000000
2016-06-12 21:39:47.855000,1.12504,1.12489,2250000,2440000
2016-06-12 21:39:48.130000,1.12502,1.12488,1250000,5510000
2016-06-12 21:39:53.993000,1.12496,1.12488,1250000,3070000
2016-06-12 21:39:54.615000,1.12497,1.12490,1250000,1100000
2016-06-12 21:39:54.913000,1.12497,1.12488,1250000,1000000
2016-06-12 21:39:55.196000,1.12493,1.12487,1250000,1570000
2016-06-12 21:39:55.398000,1.12492,1.12485,1250000,1100000
2016-06-12 21:39:55.882000,1.12492,1.12485,1250000,2320000
2016-06-12 21:39:55.933000,1.12499,1.12485,1500000,4570000
2016-06-12 21:39:56.388000,1.12493,1.12487,1250000,1570000
2016-06-12 21:39:56.490000,1.12495,1.12487,1250000,1570000
2016-06-12 21:39:58.151000,1.12493,1.12487,940000,1570000
2016-06-12 21:40:01.496000,1.12492,1.12485,1250000,4570000
2016-06-12 21:40:03.346000,1.12492,1.12485,1250000,4570000
2016-06-12 21:40:03.451000,1.12499,1.12485,1500000,4570000
2016-06-12 21:40:04.086000,1.12494,1.12487,1250000,1100000
2016-06-12 21:40:04.389000,1.12493,1.12487,1250000,1100000
2016-06-12 21:40:04.649000,1.12501,1.12487,2440000,1100000
2016-06-12 21:40:04.750000,1.12499,1.12487,2440000,1100000
2016-06-12 21:40:15.505000,1.12499,1.12490,1190000,1000000
2016-06-12 21:40:15.556000,1.12500,1.12490,1000000,1000000
2016-06-12 21:40:51.844000,1.12502,1.12488,1190000,1250000
2016-06-12 21:41:03.424000,1.12499,1.12488,1500000,1250000
2016-06-12 21:41:03.525000,1.12498,1.12485,1190000,2320000
2016-06-12 21:41:04.056000,1.12498,1.12484,1190000,2250000
2016-06-12 21:41:06.134000,1.12498,1.12483,1190000,4010000
2016-06-12 21:41:06.635000,1.12498,1.12484,1190000,1000000
2016-06-12 21:41:07.136000,1.12498,1.12483,1190000,4010000
2016-06-12 21:41:07.858000,1.12498,1.12484,1190000,1000000
2016-06-12 21:41:08.367000,1.12498,1.12483,1190000,4010000
2016-06-12 21:41:08.882000,1.12498,1.12484,1190000,1000000
2016-06-12 21:41:09.943000,1.12498,1.12483,1190000,4010000
2016-06-12 21:41:10.576000,1.12498,1.12484,1190000,1000000
2016-06-12 21:41:13.049000,1.12498,1.12483,1190000,4010000
2016-06-12 21:41:13.555000,1.12498,1.12484,1190000,1000000
2016-06-12 21:41:14.234000,1.12498,1.12483,1190000,4010000
2016-06-12 21:41:14.855000,1.12498,1.12484,1190000,1000000
2016-06-12 21:41:20.789000,1.12498,1.12484,1190000,2320000
2016-06-12 21:41:26.639000,1.12498,1.12484,1190000,1500000
2016-06-12 21:41:32.230000,1.12498,1.12483,1190000,3940000
2016-06-12 21:41:34.189000,1.12499,1.12483,2440000,3750000
2016-06-12 21:41:37.408000,1.12499,1.12483,2440000,3820000
2016-06-12 21:41:49.159000,1.12498,1.12485,1190000,1100000
2016-06-12 21:42:12.080000,1.12498,1.12487,1190000,1100000
2016-06-12 21:42:32.431000,1.12498,1.12487,1190000,1070000
2016-06-12 21:42:34.988000,1.12498,1.12485,1190000,1570000
2016-06-12 21:42:42.241000,1.12498,1.12486,1190000,1070000
2016-06-12 21:42:46.398000,1.12498,1.12486,1190000,1100000
2016-06-12 21:43:07.656000,1.12498,1.12486,1190000,1070000
2016-06-12 21:43:25.540000,1.12498,1.12486,1190000,1100000
2016-06-12 21:43:48.894000,1.12498,1.12485,1190000,1100000
2016-06-12 21:43:57.392000,1.12498,1.12484,1190000,3070000
2016-06-12 21:43:57.992000,1.12498,1.12484,1190000,3070000
2016-06-12 21:44:35.556000,1.12498,1.12484,1190000,1500000
2016-06-12 21:44:40.451000,1.12498,1.12485,1190000,1000000
2016-06-12 21:45:00.895000,1.12498,1.12484,1190000,2250000
2016-06-12 21:45:18.900000,1.12498,1.12485,1190000,1000000
2016-06-12 21:45:19.433000,1.12498,1.12484,1190000,1570000
2016-06-12 21:45:40.841000,1.12498,1.12483,1190000,2510000
2016-06-12 21:45:58.297000,1.12498,1.12484,1190000,1000000
2016-06-12 21:46:03.095000,1.12498,1.12483,1190000,1690000
2016-06-12 21:46:04.188000,1.12499,1.12483,2440000,1000000
2016-06-12 21:46:04.790000,1.12499,1.12482,2440000,4690000
2016-06-12 21:46:16.152000,1.12499,1.12483,2440000,1000000
2016-06-12 21:46:34.130000,1.12498,1.12483,1190000,1690000
2016-06-12 21:47:34.314000,1.12498,1.12483,1250000,2510000
2016-06-12 21:47:46.332000,1.12502,1.12483,2510000,1570000
2016-06-12 21:47:46.842000,1.12501,1.12483,1500000,1100000
2016-06-12 21:47:48.491000,1.12501,1.12486,1500000,1000000
2016-06-12 21:47:50.223000,1.12501,1.12483,1500000,1100000
2016-06-12 21:47:50.730000,1.12501,1.12483,1570000,1000000
2016-06-12 21:48:00.744000,1.12501,1.12482,1570000,1500000
2016-06-12 21:48:05.035000,1.12500,1.12482,1070000,1000000
2016-06-12 21:48:05.238000,1.12501,1.12483,1000000,1100000
2016-06-12 21:48:05.594000,1.12501,1.12482,1570000,1000000
2016-06-12 21:48:07.165000,1.12501,1.12481,1570000,2250000
2016-06-12 21:48:07.505000,1.12498,1.12481,1070000,1000000
2016-06-12 21:48:15.619000,1.12498,1.12479,1070000,1500000
2016-06-12 21:48:15.822000,1.12500,1.12479,1070000,2320000
2016-06-12 21:48:16.589000,1.12500,1.12480,1070000,1000000
2016-06-12 21:48:32.892000,1.12501,1.12484,1500000,1100000
2016-06-12 21:48:34.768000,1.12501,1.12483,1570000,1000000
2016-06-12 21:48:35.072000,1.12501,1.12486,1500000,1000000
2016-06-12 21:48:35.386000,1.12501,1.12481,2320000,1570000
2016-06-12 21:48:35.488000,1.12501,1.12483,1570000,1000000
2016-06-12 21:48:35.590000,1.12501,1.12481,2320000,1570000
2016-06-12 21:48:39.264000,1.12501,1.12481,2250000,1570000
2016-06-12 21:48:45.091000,1.12500,1.12481,1000000,1070000
2016-06-12 21:48:47.389000,1.12498,1.12481,1000000,1070000
2016-06-12 21:48:47.900000,1.12498,1.12481,1000000,1000000
2016-06-12 21:48:51.007000,1.12500,1.12481,1000000,1000000
2016-06-12 21:48:52.089000,1.12499,1.12480,1000000,1570000
2016-06-12 21:48:52.631000,1.12499,1.12480,1000000,1070000
2016-06-12 21:48:54.622000,1.12501,1.12482,2250000,1100000
2016-06-12 21:48:56.696000,1.12501,1.12482,1500000,1070000
2016-06-12 21:48:56.949000,1.12499,1.12480,1000000,1570000
2016-06-12 21:48:57.578000,1.12497,1.12479,1000000,1760000
2016-06-12 21:48:57.831000,1.12497,1.12479,1000000,1000000
2016-06-12 21:48:58.888000,1.12500,1.12482,1100000,1500000
2016-06-12 21:48:59.193000,1.12500,1.12485,1000000,1000000
2016-06-12 21:48:59.933000,1.12500,1.12486,1000000,1190000
2016-06-12 21:49:00.035000,1.12502,1.12486,2250000,1070000
2016-06-12 21:49:00.784000,1.12502,1.12486,2250000,1070000
2016-06-12 21:49:04.500000,1.12501,1.12483,1500000,1370000
2016-06-12 21:49:04.551000,1.12501,1.12483,1500000,1070000
2016-06-12 21:49:04.653000,1.12501,1.12482,2250000,1100000
2016-06-12 21:49:08.490000,1.12501,1.12483,2250000,1000000
2016-06-12 21:49:08.592000,1.12501,1.12484,1000000,1070000
2016-06-12 21:49:08.695000,1.12501,1.12483,1000000,1100000
2016-06-12 21:49:09.229000,1.12501,1.12483,1500000,1070000
2016-06-12 21:49:10.797000,1.12500,1.12481,1000000,1120000
2016-06-12 21:49:10.899000,1.12500,1.12481,1000000,1070000
2016-06-12 21:49:14.744000,1.12501,1.12481,1000000,1120000
2016-06-12 21:49:15.841000,1.12500,1.12481,1000000,1870000
2016-06-12 21:49:16.555000,1.12501,1.12483,1500000,1070000
2016-06-12 21:49:17.151000,1.12502,1.12482,2250000,1120000
2016-06-12 21:49:17.684000,1.12501,1.12483,2250000,1070000
2016-06-12 21:49:18.046000,1.12501,1.12482,1500000,1000000
2016-06-12 21:49:18.148000,1.12501,1.12482,1500000,1070000
2016-06-12 21:49:20.902000,1.12501,1.12481,1000000,1570000
2016-06-12 21:49:21.403000,1.12502,1.12481,2320000,1570000
2016-06-12 21:49:22.349000,1.12502,1.12481,2250000,2620000
2016-06-12 21:49:22.897000,1.12502,1.12482,2250000,1100000
2016-06-12 21:49:28.144000,1.12502,1.12483,2250000,1000000
2016-06-12 21:49:28.867000,1.12502,1.12483,2250000,1070000
2016-06-12 21:49:46.998000,1.12502,1.12485,1500000,1000000
2016-06-12 21:49:47.100000,1.12502,1.12487,1000000,1100000
2016-06-12 21:49:47.655000,1.12502,1.12485,1500000,1100000
2016-06-12 21:49:47.759000,1.12502,1.12485,1500000,1570000
2016-06-12 21:49:48.301000,1.12502,1.12486,1500000,1070000
2016-06-12 21:49:50.056000,1.12501,1.12486,1000000,1070000
2016-06-12 21:49:50.158000,1.12501,1.12482,1500000,1570000
2016-06-12 21:49:50.309000,1.12501,1.12484,1500000,1070000
2016-06-12 21:50:00.825000,1.12501,1.12486,1500000,1000000
2016-06-12 21:50:01.178000,1.12502,1.12487,1500000,1070000
2016-06-12 21:50:03.274000,1.12502,1.12486,1500000,1000000
2016-06-12 21:50:03.784000,1.12502,1.12484,1500000,1070000
2016-06-12 21:50:04.366000,1.12502,1.12482,2250000,1070000
2016-06-12 21:50:04.417000,1.12500,1.12481,1000000,1120000
2016-06-12 21:50:04.468000,1.12500,1.12481,1000000,1070000
2016-06-12 21:50:07.595000,1.12502,1.12483,3820000,1000000
2016-06-12 21:50:07.696000,1.12502,1.12485,2320000,1000000
2016-06-12 21:50:08.243000,1.12502,1.12485,2250000,1070000
2016-06-12 21:50:10.653000,1.12502,1.12484,2250000,1100000
2016-06-12 21:50:13.205000,1.12502,1.12485,2250000,1000000
2016-06-12 21:50:13.653000,1.12502,1.12487,2250000,1070000
2016-06-12 21:50:14.167000,1.12502,1.12487,2250000,1100000
2016-06-12 21:50:15.892000,1.12502,1.12487,2250000,1070000
2016-06-12 21:50:20.807000,1.12501,1.12487,1000000,1000000
2016-06-12 21:50:20.882000,1.12501,1.12483,2250000,1070000
2016-06-12 21:50:20.984000,1.12501,1.12482,2250000,1070000
2016-06-12 21:50:28.058000,1.12502,1.12486,2250000,1070000
2016-06-12 21:50:30.894000,1.12502,1.12482,2250000,1120000
2016-06-12 21:50:43.072000,1.12502,1.12486,2250000,1000000
2016-06-12 21:50:43.832000,1.12502,1.12486,2250000,1070000
2016-06-12 21:50:44.736000,1.12501,1.12486,1000000,1070000
2016-06-12 21:50:52.411000,1.12501,1.12490,1000000,1000000
2016-06-12 21:50:52.512000,1.12502,1.12487,1500000,1100000
2016-06-12 21:50:53.060000,1.12502,1.12487,1500000,1070000
2016-06-12 21:50:53.212000,1.12501,1.12484,1000000,1100000
2016-06-12 21:51:02.780000,1.12501,1.12484,2320000,1000000
2016-06-12 21:51:02.831000,1.12500,1.12482,1100000,1100000
2016-06-12 21:51:14.474000,1.12500,1.12483,1100000,1000000
2016-06-12 21:51:14.631000,1.12502,1.12483,3070000,1070000
2016-06-12 21:51:17.352000,1.12502,1.12486,2320000,1000000
2016-06-12 21:51:19.850000,1.12502,1.12488,2250000,1000000
2016-06-12 21:51:20.903000,1.12502,1.12484,3070000,1000000
2016-06-12 21:51:21.409000,1.12502,1.12484,3070000,1100000
2016-06-12 21:51:21.958000,1.12502,1.12485,3070000,1000000
2016-06-12 21:51:22.161000,1.12502,1.12487,2320000,1000000
2016-06-12 21:51:22.522000,1.12506,1.12504,1500000,1000000
2016-06-12 21:51:22.573000,1.12510,1.12502,2320000,1500000
2016-06-12 21:51:22.624000,1.12510,1.12498,3070000,1000000
2016-06-12 21:51:22.777000,1.12511,1.12498,2250000,1000000
2016-06-12 21:51:22.979000,1.12511,1.12495,1000000,1100000
2016-06-12 21:51:23.636000,1.12511,1.12492,1000000,1070000
2016-06-12 21:51:24.182000,1.12511,1.12495,1000000,1000000
2016-06-12 21:51:25.195000,1.12511,1.12493,1500000,1070000
2016-06-12 21:51:25.698000,1.12512,1.12495,1570000,1000000
2016-06-12 21:51:29.827000,1.12512,1.12494,1570000,1100000
2016-06-12 21:51:32.592000,1.12513,1.12494,4500000,1100000
2016-06-12 21:51:32.643000,1.12511,1.12492,1000000,1070000
2016-06-12 21:51:33.187000,1.12510,1.12492,1000000,1070000
2016-06-12 21:51:35.559000,1.12512,1.12494,1070000,1000000
2016-06-12 21:51:36.089000,1.12512,1.12494,1100000,1100000
2016-06-12 21:51:47.438000,1.12512,1.12505,1100000,1000000
2016-06-12 21:51:47.822000,1.12514,1.12511,1870000,2250000
2016-06-12 21:51:47.873000,1.12514,1.12512,1000000,2250000
2016-06-12 21:51:48.395000,1.12513,1.12511,1000000,1500000
2016-06-12 21:51:54.133000,1.12505,1.12502,1000000,1500000
2016-06-12 21:51:54.364000,1.12498,1.12494,1000000,1500000
2016-06-12 21:51:54.440000,1.12496,1.12494,1500000,1100000
2016-06-12 21:51:54.982000,1.12497,1.12494,1500000,1100000
2016-06-12 21:51:55.487000,1.12497,1.12494,1500000,1070000
2016-06-12 21:52:05.409000,1.12498,1.12494,1500000,1070000
2016-06-12 21:52:05.511000,1.12511,1.12494,2440000,1100000
2016-06-12 21:52:06.016000,1.12511,1.12494,1250000,1070000
2016-06-12 21:52:29.083000,1.12513,1.12494,2250000,1070000
2016-06-12 21:52:32.196000,1.12514,1.12494,2250000,2320000
2016-06-12 21:52:32.247000,1.12513,1.12496,1000000,1870000
2016-06-12 21:52:36.289000,1.12513,1.12496,1870000,1870000
2016-06-12 21:52:37.532000,1.12513,1.12496,1500000,1870000
2016-06-12 21:52:40.837000,1.12513,1.12494,1000000,2320000
2016-06-12 21:52:41.579000,1.12512,1.12494,1250000,2320000
2016-06-12 21:52:58.899000,1.12511,1.12494,1250000,1570000
2016-06-12 21:53:00.759000,1.12513,1.12494,1000000,1070000
2016-06-12 21:53:13.934000,1.12512,1.12495,1000000,1100000
2016-06-12 21:53:14.012000,1.12512,1.12498,3000000,1000000
2016-06-12 21:53:14.528000,1.12512,1.12500,3940000,1000000
2016-06-12 21:53:16.806000,1.12512,1.12496,4690000,1100000
2016-06-12 21:53:20.865000,1.12512,1.12497,2250000,1120000
2016-06-12 21:53:21.390000,1.12513,1.12498,2250000,1100000
2016-06-12 21:53:23.291000,1.12513,1.12498,2250000,1120000
2016-06-12 21:53:23.629000,1.12506,1.12499,1250000,1100000
2016-06-12 21:53:24.308000,1.12505,1.12495,1250000,1070000
2016-06-12 21:53:24.359000,1.12505,1.12495,1250000,1100000
2016-06-12 21:53:30.437000,1.12505,1.12494,1250000,1000000
2016-06-12 21:53:31.516000,1.12505,1.12494,1250000,1070000
2016-06-12 21:53:32.085000,1.12496,1.12493,1000000,1070000
2016-06-12 21:53:32.186000,1.12491,1.12490,1000000,1500000
2016-06-12 21:53:32.237000,1.12489,1.12487,1190000,1000000
2016-06-12 21:53:32.339000,1.12491,1.12489,1000000,1000000
2016-06-12 21:53:32.391000,1.12491,1.12489,1000000,1500000
2016-06-12 21:53:33.378000,1.12491,1.12489,1000000,1500000
2016-06-12 21:53:33.452000,1.12493,1.12489,1500000,2250000
2016-06-12 21:53:33.505000,1.12501,1.12490,2250000,3000000
2016-06-12 21:53:33.657000,1.12506,1.12490,1500000,3070000
2016-06-12 21:53:33.759000,1.12508,1.12491,1000000,1100000
2016-06-12 21:53:33.861000,1.12508,1.12494,1000000,1000000
2016-06-12 21:53:35.141000,1.12512,1.12494,1000000,1000000
2016-06-12 21:53:40.830000,1.12509,1.12494,1500000,1000000
2016-06-12 21:53:44.415000,1.12512,1.12494,1070000,1000000
2016-06-12 21:53:47.170000,1.12501,1.12494,1000000,1000000
2016-06-12 21:53:47.473000,1.12495,1.12490,1500000,5250000
2016-06-12 21:53:47.524000,1.12501,1.12490,1500000,6750000
2016-06-12 21:53:47.575000,1.12501,1.12492,1500000,1000000
2016-06-12 21:53:47.677000,1.12507,1.12492,1500000,1500000
2016-06-12 21:53:47.780000,1.12512,1.12493,1100000,1570000
2016-06-12 21:53:53.928000,1.12497,1.12490,1500000,3000000
2016-06-12 21:53:54.035000,1.12503,1.12490,1000000,2250000
2016-06-12 21:53:54.137000,1.12505,1.12489,2250000,4500000
2016-06-12 21:53:54.188000,1.12502,1.12489,1000000,5250000
2016-06-12 21:53:54.290000,1.12506,1.12489,1000000,4570000
2016-06-12 21:53:54.508000,1.12499,1.12490,1000000,4570000
2016-06-12 21:53:55.060000,1.12499,1.12490,1000000,2250000
2016-06-12 21:54:05.950000,1.12498,1.12490,1500000,2250000
2016-06-12 21:54:06.255000,1.12492,1.12490,2250000,1000000
2016-06-12 21:54:06.609000,1.12497,1.12490,1500000,1000000
2016-06-12 21:54:21.111000,1.12492,1.12485,1000000,1250000
2016-06-12 21:54:21.313000,1.12495,1.12484,1000000,1250000
2016-06-12 21:54:22.039000,1.12497,1.12484,2250000,1250000
2016-06-12 21:54:24.037000,1.12497,1.12485,2250000,1250000
2016-06-12 21:55:00.893000,1.12496,1.12485,1000000,1250000
2016-06-12 21:55:04.633000,1.12498,1.12482,3820000,1250000
2016-06-12 21:55:04.684000,1.12498,1.12482,3820000,1250000
2016-06-12 21:55:08.037000,1.12496,1.12484,1100000,1250000
2016-06-12 21:55:08.634000,1.12496,1.12485,1100000,1250000
2016-06-12 21:55:19.294000,1.12496,1.12481,1100000,1250000
2016-06-12 21:55:28.142000,1.12497,1.12481,1100000,1690000
2016-06-12 21:55:28.691000,1.12497,1.12481,1000000,1760000
2016-06-12 21:55:29.194000,1.12497,1.12481,1000000,1010000
2016-06-12 21:55:29.868000,1.12497,1.12481,1000000,1760000
2016-06-12 21:55:30.407000,1.12498,1.12482,3000000,1070000
2016-06-12 21:55:30.737000,1.12497,1.12481,2250000,1250000
2016-06-12 21:55:31.313000,1.12497,1.12481,3070000,1250000
2016-06-12 21:55:35.699000,1.12495,1.12481,1000000,1250000
2016-06-12 21:55:37.186000,1.12495,1.12482,1000000,1250000
2016-06-12 21:55:38.460000,1.12496,1.12482,1000000,1250000
2016-06-12 21:55:39.002000,1.12495,1.12482,1000000,1250000
2016-06-12 21:55:40.700000,1.12497,1.12482,1570000,1690000
2016-06-12 21:55:40.751000,1.12497,1.12485,1570000,1250000
2016-06-12 21:55:46.919000,1.12499,1.12485,1500000,1250000
2016-06-12 21:55:47.454000,1.12500,1.12485,1000000,1250000
2016-06-12 21:55:52.945000,1.12498,1.12485,1000000,1250000
2016-06-12 21:55:53.282000,1.12500,1.12485,2620000,1250000
2016-06-12 21:55:53.368000,1.12500,1.12485,1570000,1250000
2016-06-12 21:55:58.940000,1.12500,1.12485,1000000,1250000
2016-06-12 21:56:01.328000,1.12499,1.12485,1100000,1250000
2016-06-12 21:56:02.336000,1.12500,1.12485,1000000,1250000
2016-06-12 21:56:04.084000,1.12498,1.12485,1000000,1250000
2016-06-12 21:56:04.452000,1.12496,1.12484,1000000,1250000
2016-06-12 21:56:04.548000,1.12501,1.12484,1070000,1250000
2016-06-12 21:56:09.389000,1.12499,1.12484,1070000,1250000
2016-06-12 21:56:14.393000,1.12499,1.12483,1070000,1250000
2016-06-12 21:56:14.898000,1.12500,1.12483,1570000,1250000
2016-06-12 21:56:16.665000,1.12497,1.12483,1100000,1250000
2016-06-12 21:56:16.970000,1.12495,1.12483,1100000,1250000
2016-06-12 21:56:17.491000,1.12497,1.12483,2320000,1250000
2016-06-12 21:56:23.264000,1.12497,1.12483,1100000,1250000
2016-06-12 21:56:29.655000,1.12497,1.12485,3070000,1250000
2016-06-12 21:56:41.093000,1.12495,1.12485,1100000,1250000
2016-06-12 21:56:41.728000,1.12496,1.12485,1100000,1250000
2016-06-12 21:56:46.218000,1.12497,1.12485,2250000,1250000
2016-06-12 21:56:49.417000,1.12495,1.12485,1500000,1250000
2016-06-12 21:57:04.638000,1.12495,1.12480,1500000,1250000
2016-06-12 21:57:20.946000,1.12496,1.12481,1500000,1250000
2016-06-12 21:57:35.220000,1.12496,1.12485,1500000,1250000
2016-06-12 21:57:43.039000,1.12496,1.12483,1500000,1250000
2016-06-12 21:57:44.933000,1.12496,1.12485,1500000,1250000
2016-06-12 21:58:18.885000,1.12496,1.12483,1500000,1250000
2016-06-12 21:58:40.795000,1.12496,1.12482,1000000,1000000
2016-06-12 21:58:41.321000,1.12495,1.12481,1500000,1250000
2016-06-12 21:59:00.484000,1.12494,1.12481,1000000,1250000
2016-06-12 21:59:20.488000,1.12495,1.12481,750000,940000
2016-06-12 21:59:25.680000,1.12494,1.12481,750000,940000
2016-06-12 21:59:49.241000,1.12494,1.12480,820000,940000
2016-06-12 21:59:50.238000,1.12495,1.12480,1500000,940000
2016-06-12 21:59:52.995000,1.12491,1.12480,1500000,940000
2016-06-12 21:59:53.063000,1.12493,1.12480,1500000,940000
2016-06-12 21:59:53.592000,1.12493,1.12479,1500000,940000
2016-06-12 22:00:00.003000,1.12492,1.12479,1500000,940000
2016-06-12 22:00:00.144000,1.12489,1.12477,1500000,1690000
2016-06-12 22:00:00.485000,1.12483,1.12477,750000,750000
2016-06-12 22:00:00.819000,1.12481,1.12476,3750000,100000
2016-06-12 22:00:01.072000,1.12484,1.12476,6000000,940000
2016-06-12 22:00:01.122000,1.12482,1.12476,2250000,940000
2016-06-12 22:00:01.325000,1.12484,1.12477,6000000,750000
2016-06-12 22:00:01.528000,1.12484,1.12475,5250000,750000
2016-06-12 22:00:02.114000,1.12484,1.12476,3000000,750000
2016-06-12 22:00:02.772000,1.12484,1.12475,3000000,750000
2016-06-12 22:00:04.780000,1.12484,1.12477,1500000,750000
2016-06-12 22:00:05.782000,1.12483,1.12476,1500000,100000
2016-06-12 22:00:06.078000,1.12483,1.12474,1500000,100000
2016-06-12 22:00:06.837000,1.12483,1.12475,750000,940000
2016-06-12 22:00:06.889000,1.12485,1.12475,1500000,940000
2016-06-12 22:00:10.286000,1.12485,1.12476,2250000,750000
2016-06-12 22:00:10.791000,1.12485,1.12475,2250000,940000
2016-06-12 22:00:11.439000,1.12485,1.12477,2250000,100000
2016-06-12 22:00:11.555000,1.12485,1.12475,2250000,1760000
2016-06-12 22:00:12.093000,1.12485,1.12476,2250000,750000
2016-06-12 22:00:12.456000,1.12485,1.12479,2250000,940000
2016-06-12 22:00:12.609000,1.12488,1.12479,750000,940000
2016-06-12 22:00:12.710000,1.12490,1.12479,2250000,940000
2016-06-12 22:00:13.697000,1.12488,1.12479,750000,1690000
2016-06-12 22:00:14.206000,1.12487,1.12479,750000,940000
2016-06-12 22:00:14.461000,1.12487,1.12475,2250000,1690000
2016-06-12 22:00:15,1.12486,1.12475,1500000,940000
2016-06-12 22:00:20.510000,1.12483,1.12473,1500000,1500000
2016-06-12 22:00:21.061000,1.12482,1.12473,750000,1500000
2016-06-12 22:00:21.746000,1.12483,1.12474,1500000,940000
2016-06-12 22:00:22.404000,1.12482,1.12474,1500000,940000
2016-06-12 22:00:34.079000,1.12480,1.12474,370000,940000
2016-06-12 22:00:34.612000,1.12481,1.12474,370000,940000
2016-06-12 22:00:35.193000,1.12480,1.12474,370000,940000
2016-06-12 22:00:36.813000,1.12481,1.12474,370000,940000
2016-06-12 22:00:37.348000,1.12480,1.12474,370000,940000
2016-06-12 22:00:39.156000,1.12480,1.12475,370000,750000
2016-06-12 22:00:39.703000,1.12480,1.12474,370000,940000
2016-06-12 22:00:41.331000,1.12482,1.12475,1500000,750000
2016-06-12 22:00:42.063000,1.12482,1.12474,1500000,1690000
2016-06-12 22:00:42.115000,1.12480,1.12474,370000,1690000
2016-06-12 22:00:42.622000,1.12481,1.12474,2250000,940000
2016-06-12 22:00:43.268000,1.12480,1.12479,750000,750000
2016-06-12 22:00:43.814000,1.12481,1.12479,2250000,750000
2016-06-12 22:00:44.315000,1.12480,1.12474,750000,940000
2016-06-12 22:00:45.210000,1.12481,1.12474,2250000,940000
2016-06-12 22:00:45.827000,1.12480,1.12474,750000,940000
2016-06-12 22:00:46.902000,1.12485,1.12474,1500000,940000
2016-06-12 22:00:47.625000,1.12484,1.12474,1500000,940000
2016-06-12 22:00:48.131000,1.12485,1.12474,2250000,940000
2016-06-12 22:00:48.772000,1.12484,1.12474,1500000,1690000
2016-06-12 22:00:50.402000,1.12484,1.12475,1500000,750000
2016-06-12 22:00:51.182000,1.12484,1.12474,1500000,1010000
2016-06-12 22:00:51.689000,1.12485,1.12475,2250000,750000
2016-06-12 22:00:51.981000,1.12485,1.12478,2250000,940000
2016-06-12 22:00:52.032000,1.12487,1.12478,750000,940000
2016-06-12 22:00:52.389000,1.12485,1.12475,2250000,940000
2016-06-12 22:00:53.672000,1.12484,1.12475,2250000,940000
2016-06-12 22:00:54.174000,1.12485,1.12475,2250000,940000
2016-06-12 22:00:54.688000,1.12484,1.12475,750000,940000
2016-06-12 22:00:55.764000,1.12483,1.12473,1500000,1690000
2016-06-12 22:00:57.205000,1.12483,1.12475,1500000,940000
2016-06-12 22:00:57.606000,1.12485,1.12475,3000000,940000
2016-06-12 22:00:58.479000,1.12485,1.12476,2250000,750000
2016-06-12 22:00:58.530000,1.12485,1.12478,2250000,940000
2016-06-12 22:00:58.732000,1.12489,1.12479,2250000,940000
2016-06-12 22:00:59.360000,1.12488,1.12479,750000,940000
2016-06-12 22:00:59.411000,1.12487,1.12477,750000,750000
2016-06-12 22:00:59.945000,1.12487,1.12478,1500000,940000
2016-06-12 22:01:00.753000,1.12485,1.12475,2250000,2440000
2016-06-12 22:01:01.970000,1.12485,1.12476,1500000,750000
2016-06-12 22:01:02.378000,1.12486,1.12478,1500000,940000
2016-06-12 22:01:02.430000,1.12488,1.12478,2250000,940000
2016-06-12 22:01:03.056000,1.12489,1.12479,750000,940000
2016-06-12 22:01:03.209000,1.12487,1.12478,1500000,100000
2016-06-12 22:01:03.717000,1.12488,1.12479,3750000,940000
2016-06-12 22:01:03.920000,1.12485,1.12475,750000,1760000
2016-06-12 22:01:04.274000,1.12486,1.12478,1500000,940000
2016-06-12 22:01:04.427000,1.12489,1.12479,1500000,940000
2016-06-12 22:01:05.010000,1.12490,1.12479,5250000,940000
2016-06-12 22:01:05.225000,1.12488,1.12479,1500000,940000
2016-06-12 22:01:05.377000,1.12487,1.12476,1500000,3190000
2016-06-12 22:01:05.832000,1.12489,1.12479,2250000,940000
2016-06-12 22:01:06.338000,1.12490,1.12479,4870000,940000
2016-06-12 22:01:07.019000,1.12487,1.12478,1500000,940000
2016-06-12 22:01:07.524000,1.12489,1.12479,1500000,940000
2016-06-12 22:01:08.072000,1.12487,1.12479,2250000,940000
2016-06-12 22:01:08.123000,1.12486,1.12477,1500000,100000
2016-06-12 22:01:08.760000,1.12489,1.12478,1500000,940000
2016-06-12 22:01:09.277000,1.12490,1.12478,4870000,1690000
2016-06-12 22:01:09.328000,1.12487,1.12478,1500000,940000
2016-06-12 22:01:09.809000,1.12489,1.12479,1500000,940000
2016-06-12 22:01:10.315000,1.12490,1.12479,5620000,1690000
2016-06-12 22:01:10.887000,1.12490,1.12480,5620000,100000
2016-06-12 22:01:10.967000,1.12488,1.12480,1500000,100000
2016-06-12 22:01:11.838000,1.12489,1.12480,5250000,100000
2016-06-12 22:01:12.344000,1.12488,1.12480,1500000,100000
2016-06-12 22:01:14.294000,1.12487,1.12480,2250000,100000
2016-06-12 22:01:14.344000,1.12487,1.12478,2250000,940000
2016-06-12 22:01:14.850000,1.12487,1.12479,750000,1760000
2016-06-12 22:01:15.192000,1.12486,1.12476,2250000,1760000
2016-06-12 22:01:15.497000,1.12486,1.12479,750000,940000
2016-06-12 22:01:15.649000,1.12489,1.12479,2620000,940000
2016-06-12 22:01:16.155000,1.12486,1.12477,750000,750000
2016-06-12 22:01:16.660000,1.12487,1.12477,750000,940000
2016-06-12 22:01:17.042000,1.12485,1.12475,1500000,1690000
2016-06-12 22:01:17.479000,1.12485,1.12478,750000,940000
2016-06-12 22:01:17.631000,1.12487,1.12478,1500000,940000
2016-06-12 22:01:17.993000,1.12487,1.12476,1500000,820000
2016-06-12 22:01:18.044000,1.12485,1.12476,1500000,820000
2016-06-12 22:01:18.452000,1.12485,1.12478,750000,940000
2016-06-12 22:01:18.654000,1.12487,1.12478,1500000,940000
2016-06-12 22:01:19.201000,1.12485,1.12478,750000,940000
2016-06-12 22:01:19.280000,1.12485,1.12476,1500000,820000
2016-06-12 22:01:19.433000,1.12485,1.12478,750000,940000
2016-06-12 22:01:19.652000,1.12487,1.12478,1500000,940000
2016-06-12 22:01:19.956000,1.12485,1.12478,750000,940000
2016-06-12 22:01:20.007000,1.12485,1.12476,750000,100000
2016-06-12 22:01:20.419000,1.12486,1.12478,750000,940000
2016-06-12 22:01:20.939000,1.12487,1.12478,1500000,940000
2016-06-12 22:01:21.547000,1.12487,1.12476,1500000,820000
2016-06-12 22:01:21.599000,1.12487,1.12478,1500000,940000
2016-06-12 22:01:22.061000,1.12485,1.12478,2250000,940000
2016-06-12 22:01:22.113000,1.12485,1.12476,2250000,100000
2016-06-12 22:01:22.543000,1.12487,1.12478,1500000,940000
2016-06-12 22:01:23.097000,1.12486,1.12478,750000,940000
2016-06-12 22:01:23.198000,1.12485,1.12476,2250000,100000
2016-06-12 22:01:23.659000,1.12487,1.12477,1500000,750000
2016-06-12 22:01:24.075000,1.12485,1.12476,3000000,100000
2016-06-12 22:01:24.531000,1.12486,1.12478,750000,940000
2016-06-12 22:01:25.032000,1.12487,1.12478,1500000,940000
2016-06-12 22:01:25.365000,1.12486,1.12476,2250000,1760000
2016-06-12 22:01:25.764000,1.12487,1.12478,1500000,940000
2016-06-12 22:01:26.093000,1.12485,1.12476,2250000,100000
2016-06-12 22:01:26.447000,1.12487,1.12476,2250000,820000
2016-06-12 22:01:26.498000,1.12487,1.12478,1500000,940000
2016-06-12 22:01:26.599000,1.12489,1.12479,2620000,940000
2016-06-12 22:01:27.155000,1.12484,1.12477,750000,750000
2016-06-12 22:01:27.256000,1.12484,1.12475,750000,1690000
2016-06-12 22:01:27.603000,1.12487,1.12476,9000000,1690000
2016-06-12 22:01:27.704000,1.12487,1.12478,2250000,940000
2016-06-12 22:01:28.159000,1.12486,1.12476,1500000,1010000
2016-06-12 22:01:28.362000,1.12484,1.12476,750000,1010000
2016-06-12 22:01:28.649000,1.12487,1.12476,3370000,1010000
2016-06-12 22:01:29.155000,1.12487,1.12477,2620000,940000
2016-06-12 22:01:29.616000,1.12485,1.12475,2250000,750000
2016-06-12 22:01:30.134000,1.12485,1.12476,750000,940000
2016-06-12 22:01:31.046000,1.12486,1.12476,750000,1760000
2016-06-12 22:01:31.350000,1.12487,1.12478,1500000,940000
2016-06-12 22:01:31.948000,1.12485,1.12477,1500000,750000
2016-06-12 22:01:32.080000,1.12487,1.12478,1500000,940000
2016-06-12 22:01:32.538000,1.12486,1.12476,750000,100000
2016-06-12 22:01:33.048000,1.12485,1.12476,1500000,100000
2016-06-12 22:01:33.099000,1.12486,1.12478,750000,940000
2016-06-12 22:01:33.606000,1.12485,1.12478,2250000,940000
2016-06-12 22:01:34.156000,1.12487,1.12478,1500000,940000
2016-06-12 22:01:34.460000,1.12485,1.12478,1500000,940000
2016-06-12 22:01:34.512000,1.12485,1.12476,1500000,100000
2016-06-12 22:01:35.464000,1.12486,1.12478,750000,940000
2016-06-12 22:01:35.936000,1.12485,1.12476,2250000,100000
2016-06-12 22:01:36.255000,1.12485,1.12478,2250000,940000
2016-06-12 22:01:36.356000,1.12487,1.12478,1500000,940000
2016-06-12 22:01:36.861000,1.12486,1.12478,2250000,940000
2016-06-12 22:01:36.962000,1.12485,1.12475,3000000,1760000
2016-06-12 22:01:37.468000,1.12484,1.12476,1500000,940000
2016-06-12 22:01:37.569000,1.12486,1.12476,3000000,940000
2016-06-12 22:01:38.309000,1.12484,1.12476,750000,940000
2016-06-12 22:01:38.815000,1.12485,1.12476,1500000,940000
2016-06-12 22:01:39.270000,1.12486,1.12479,750000,940000
2016-06-12 22:01:39.372000,1.12486,1.12477,2250000,750000
2016-06-12 22:01:39.909000,1.12485,1.12478,750000,940000
2016-06-12 22:01:40.080000,1.12487,1.12478,1500000,940000
2016-06-12 22:01:40.680000,1.12485,1.12477,750000,750000
2016-06-12 22:01:41.235000,1.12485,1.12478,750000,940000
2016-06-12 22:01:41.286000,1.12487,1.12478,1500000,940000
2016-06-12 22:01:41.960000,1.12485,1.12478,750000,940000
2016-06-12 22:01:42.011000,1.12485,1.12476,750000,940000
2016-06-12 22:01:42.317000,1.12486,1.12478,750000,940000
2016-06-12 22:01:42.469000,1.12488,1.12478,1500000,940000
2016-06-12 22:01:42.875000,1.12486,1.12476,1500000,1500000
2016-06-12 22:01:43.381000,1.12487,1.12477,1500000,940000
2016-06-12 22:01:44.540000,1.12486,1.12476,750000,940000
2016-06-12 22:01:44.945000,1.12485,1.12478,750000,940000
2016-06-12 22:01:44.996000,1.12487,1.12478,750000,940000
2016-06-12 22:01:45.384000,1.12490,1.12479,6000000,940000
2016-06-12 22:01:45.818000,1.12486,1.12479,750000,940000
2016-06-12 22:01:45.920000,1.12486,1.12476,1500000,940000
2016-06-12 22:01:46.175000,1.12487,1.12478,1500000,940000
2016-06-12 22:01:46.684000,1.12486,1.12478,750000,940000
2016-06-12 22:01:46.735000,1.12485,1.12476,1500000,750000
2016-06-12 22:01:47.240000,1.12486,1.12477,750000,190000
2016-06-12 22:01:47.763000,1.12487,1.12478,1500000,940000
2016-06-12 22:01:47.814000,1.12485,1.12476,750000,750000
2016-06-12 22:01:48.275000,1.12485,1.12478,750000,940000
2016-06-12 22:01:48.326000,1.12487,1.12478,750000,940000
2016-06-12 22:01:48.837000,1.12486,1.12476,2250000,940000
2016-06-12 22:01:49.155000,1.12486,1.12478,750000,940000
2016-06-12 22:01:49.307000,1.12489,1.12479,1500000,940000
2016-06-12 22:01:49.596000,1.12475,1.12474,750000,2620000
2016-06-12 22:01:49.824000,1.12480,1.12475,750000,2060000
2016-06-12 22:01:49.925000,1.12483,1.12475,1500000,2810000
2016-06-12 22:01:50.439000,1.12482,1.12475,750000,1310000
2016-06-12 22:01:50.945000,1.12482,1.12476,750000,1500000
2016-06-12 22:01:51.553000,1.12483,1.12475,750000,1310000
2016-06-12 22:01:52.060000,1.12482,1.12475,750000,940000
2016-06-12 22:01:52.577000,1.12483,1.12475,750000,940000
2016-06-12 22:01:53.084000,1.12482,1.12475,1500000,940000
2016-06-12 22:01:54.419000,1.12481,1.12475,750000,940000
2016-06-12 22:01:55.020000,1.12480,1.12475,750000,940000
2016-06-12 22:01:56.263000,1.12481,1.12475,750000,1690000
2016-06-12 22:01:56.769000,1.12480,1.12475,750000,940000
2016-06-12 22:01:58.080000,1.12481,1.12475,750000,940000
2016-06-12 22:01:58.645000,1.12482,1.12475,750000,940000
2016-06-12 22:01:59.161000,1.12481,1.12475,1500000,940000
2016-06-12 22:01:59.473000,1.12481,1.12473,1500000,1690000
2016-06-12 22:02:01.885000,1.12478,1.12473,750000,940000
2016-06-12 22:02:02.072000,1.12481,1.12473,1500000,940000
2016-06-12 22:02:20.275000,1.12480,1.12472,750000,1690000
2016-06-12 22:02:20.332000,1.12478,1.12472,750000,1690000
2016-06-12 22:02:20.874000,1.12477,1.12472,750000,940000
2016-06-12 22:02:21.813000,1.12478,1.12472,750000,940000
2016-06-12 22:02:21.915000,1.12480,1.12472,3000000,940000
2016-06-12 22:02:22.218000,1.12482,1.12473,1500000,940000
2016-06-12 22:02:22.767000,1.12481,1.12473,750000,940000
2016-06-12 22:02:23.422000,1.12480,1.12473,750000,940000
2016-06-12 22:02:24.110000,1.12481,1.12473,750000,940000
2016-06-12 22:02:24.633000,1.12479,1.12473,750000,940000
2016-06-12 22:02:25.612000,1.12481,1.12473,750000,940000
2016-06-12 22:02:29.642000,1.12482,1.12475,1500000,940000
2016-06-12 22:02:29.845000,1.12481,1.12473,750000,940000
2016-06-12 22:02:30.200000,1.12482,1.12475,1500000,940000
2016-06-12 22:02:30.302000,1.12482,1.12472,750000,2440000
2016-06-12 22:02:30.454000,1.12480,1.12472,750000,940000
2016-06-12 22:02:30.713000,1.12482,1.12472,1500000,940000
2016-06-12 22:02:30.916000,1.12482,1.12474,1500000,940000
2016-06-12 22:02:31.447000,1.12480,1.12472,750000,940000
2016-06-12 22:02:31.838000,1.12482,1.12472,3000000,940000
2016-06-12 22:02:32.415000,1.12482,1.12475,1500000,940000
2016-06-12 22:02:32.668000,1.12481,1.12473,750000,940000
2016-06-12 22:02:32.974000,1.12482,1.12475,1500000,940000
2016-06-12 22:02:33.328000,1.12482,1.12473,750000,940000
2016-06-12 22:02:33.744000,1.12482,1.12475,750000,940000
2016-06-12 22:02:33.846000,1.12482,1.12473,750000,940000
2016-06-12 22:02:34.099000,1.12483,1.12475,750000,940000
2016-06-12 22:02:34.201000,1.12485,1.12475,750000,3190000
2016-06-12 22:02:34.252000,1.12487,1.12476,5250000,750000
2016-06-12 22:02:34.809000,1.12487,1.12477,1500000,1500000
2016-06-12 22:02:34.911000,1.12486,1.12475,750000,4690000
2016-06-12 22:02:35.214000,1.12487,1.12477,2250000,1500000
2016-06-12 22:02:35.806000,1.12485,1.12476,750000,750000
2016-06-12 22:02:36.350000,1.12484,1.12475,1500000,940000
2016-06-12 22:02:36.452000,1.12486,1.12474,750000,1690000
2016-06-12 22:02:39.465000,1.12486,1.12475,750000,370000
2016-06-12 22:02:39.971000,1.12485,1.12475,2250000,370000
2016-06-12 22:02:40.478000,1.12486,1.12475,1500000,1310000
2016-06-12 22:02:41.028000,1.12485,1.12475,1120000,1310000
2016-06-12 22:02:55.360000,1.12485,1.12476,2620000,750000
2016-06-12 22:02:56.944000,1.12485,1.12475,2620000,2810000
2016-06-12 22:02:57.047000,1.12485,1.12478,750000,750000
2016-06-12 22:02:57.098000,1.12487,1.12478,3600000,750000
2016-06-12 22:02:57.404000,1.12487,1.12476,1500000,750000
2016-06-12 22:02:59.857000,1.12487,1.12477,1500000,750000
2016-06-12 22:02:59.959000,1.12487,1.12480,1500000,1500000
2016-06-12 22:03:00.263000,1.12487,1.12483,1500000,940000
2016-06-12 22:03:01.343000,1.12485,1.12483,750000,940000
2016-06-12 22:03:01.596000,1.12485,1.12481,750000,1010000
2016-06-12 22:03:02.357000,1.12486,1.12481,750000,1010000
2016-06-12 22:03:02.920000,1.12485,1.12481,750000,1010000
2016-06-12 22:03:03.483000,1.12486,1.12481,750000,1760000
2016-06-12 22:03:03.888000,1.12488,1.12482,1350000,820000
2016-06-12 22:03:04.549000,1.12484,1.12482,750000,750000
2016-06-12 22:03:08.823000,1.12485,1.12482,750000,750000
2016-06-12 22:03:10.554000,1.12487,1.12482,750000,750000
2016-06-12 22:03:11.104000,1.12487,1.12481,750000,3190000
2016-06-12 22:03:11.539000,1.12485,1.12481,750000,3190000
2016-06-12 22:03:21.775000,1.12481,1.12480,750000,750000
2016-06-12 22:03:21.826000,1.12480,1.12478,750000,3000000
2016-06-12 22:03:21.928000,1.12481,1.12480,750000,2250000
2016-06-12 22:03:21.979000,1.12482,1.12480,3000000,3000000
2016-06-12 22:03:22.081000,1.12483,1.12482,750000,750000
2016-06-12 22:03:22.587000,1.12484,1.12483,750000,1500000
2016-06-12 22:03:23.093000,1.12485,1.12483,750000,1500000
2016-06-12 22:03:25.410000,1.12484,1.12481,750000,1500000
2016-06-12 22:03:25.653000,1.12482,1.12481,750000,750000
2016-06-12 22:03:26.159000,1.12482,1.12481,750000,750000
2016-06-12 22:03:27.553000,1.12482,1.12481,750000,750000
2016-06-12 22:03:28.801000,1.12482,1.12481,750000,750000
2016-06-12 22:03:31.491000,1.12479,1.12478,750000,3190000
2016-06-12 22:03:34.002000,1.12480,1.12479,750000,1500000
2016-06-12 22:03:34.351000,1.12488,1.12480,1460000,750000
2016-06-12 22:03:35.009000,1.12480,1.12479,750000,6750000
2016-06-12 22:03:35.060000,1.12488,1.12482,560000,4500000
2016-06-12 22:03:35.111000,1.12486,1.12482,750000,1500000
2016-06-12 22:03:35.454000,1.12485,1.12478,2250000,1690000
2016-06-12 22:03:37.686000,1.12485,1.12480,2250000,370000
2016-06-12 22:03:39.516000,1.12485,1.12479,2250000,370000
2016-06-12 22:03:40.077000,1.12485,1.12480,2250000,370000
2016-06-12 22:03:41.059000,1.12485,1.12479,2250000,370000
2016-06-12 22:03:41.666000,1.12485,1.12480,2250000,370000
2016-06-12 22:03:42.919000,1.12485,1.12479,2250000,370000
2016-06-12 22:03:43.470000,1.12485,1.12480,2250000,370000
2016-06-12 22:03:44.230000,1.12485,1.12479,2250000,370000
2016-06-12 22:03:44.734000,1.12485,1.12480,1500000,370000
2016-06-12 22:03:45.826000,1.12486,1.12482,1500000,1500000
2016-06-12 22:03:46.131000,1.12489,1.12485,1990000,370000
2016-06-12 22:03:49.192000,1.12488,1.12485,1500000,370000
2016-06-12 22:03:49.788000,1.12489,1.12485,3000000,370000
2016-06-12 22:03:50.290000,1.12489,1.12484,3000000,1120000
2016-06-12 22:03:50.947000,1.12489,1.12485,3000000,370000
2016-06-12 22:03:52.239000,1.12489,1.12484,2250000,1120000
2016-06-12 22:03:52.744000,1.12489,1.12485,3000000,370000
2016-06-12 22:03:55.217000,1.12489,1.12484,3000000,370000
2016-06-12 22:03:55.758000,1.12489,1.12485,3000000,370000
2016-06-12 22:03:57.052000,1.12489,1.12484,3000000,370000
2016-06-12 22:03:57.566000,1.12489,1.12485,3000000,370000
2016-06-12 22:03:59.565000,1.12489,1.12484,3000000,370000
2016-06-12 22:04:00.077000,1.12489,1.12485,3000000,370000
2016-06-12 22:04:02.643000,1.12489,1.12484,2250000,1870000
2016-06-12 22:04:03.450000,1.12489,1.12484,2250000,1870000
2016-06-12 22:04:05.589000,1.12489,1.12484,1500000,1870000
2016-06-12 22:04:06.097000,1.12489,1.12484,1500000,1870000
2016-06-12 22:04:06.957000,1.12489,1.12484,1500000,1870000
2016-06-12 22:04:07.463000,1.12489,1.12484,1500000,1870000
2016-06-12 22:04:08.655000,1.12489,1.12484,1500000,1870000
2016-06-12 22:04:09.163000,1.12489,1.12484,1500000,1370000
2016-06-12 22:04:10.262000,1.12489,1.12484,1500000,1120000
2016-06-12 22:04:10.775000,1.12489,1.12484,1500000,1370000
2016-06-12 22:04:11.284000,1.12489,1.12486,1500000,1500000
2016-06-12 22:04:16.749000,1.12487,1.12486,1000000,1000000
2016-06-12 22:04:16.851000,1.12487,1.12484,1000000,7570000
2016-06-12 22:04:16.953000,1.12489,1.12485,1500000,1500000
2016-06-12 22:04:19.497000,1.12489,1.12485,1500000,8320000
2016-06-12 22:04:20.512000,1.12489,1.12486,1000000,1500000
2016-06-12 22:04:21.021000,1.12489,1.12485,1500000,1500000
2016-06-12 22:04:21.940000,1.12489,1.12486,1500000,1000000
2016-06-12 22:04:23.577000,1.12489,1.12484,1570000,2250000
2016-06-12 22:04:23.658000,1.12489,1.12482,3190000,1000000
2016-06-12 22:04:24.165000,1.12488,1.12481,1690000,1500000
2016-06-12 22:04:25.124000,1.12488,1.12482,1250000,1000000
2016-06-12 22:04:25.632000,1.12489,1.12483,1500000,1500000
2016-06-12 22:04:31.237000,1.12488,1.12482,1500000,1000000
2016-06-12 22:04:31.877000,1.12489,1.12482,3070000,1870000
2016-06-12 22:04:32.469000,1.12489,1.12482,3110000,1870000
2016-06-12 22:04:34.607000,1.12489,1.12482,3940000,1500000
2016-06-12 22:04:35.145000,1.12488,1.12481,1500000,1500000
2016-06-12 22:04:40.657000,1.12487,1.12481,1780000,1500000
2016-06-12 22:04:41.164000,1.12488,1.12481,1570000,2250000
2016-06-12 22:04:44.805000,1.12488,1.12482,1150000,3000000
2016-06-12 22:04:44.856000,1.12489,1.12483,1500000,1370000
2016-06-12 22:04:46.861000,1.12489,1.12483,1500000,1370000
2016-06-12 22:04:47.410000,1.12489,1.12483,1500000,1370000
2016-06-12 22:04:49.067000,1.12489,1.12483,1500000,1370000
2016-06-12 22:04:49.731000,1.12489,1.12483,2250000,1000000
2016-06-12 22:04:50.241000,1.12489,1.12483,1500000,2620000
2016-06-12 22:04:50.876000,1.12489,1.12483,1500000,2620000
2016-06-12 22:04:51.274000,1.12489,1.12482,3000000,3000000
2016-06-12 22:05:07.190000,1.12489,1.12484,3110000,1000000
2016-06-12 22:05:07.494000,1.12489,1.12485,1500000,1570000
2016-06-12 22:05:08.108000,1.12489,1.12484,1500000,1000000
2016-06-12 22:05:08.624000,1.12489,1.12484,1500000,1370000
2016-06-12 22:05:09.484000,1.12489,1.12484,1000000,1120000
2016-06-12 22:05:09.996000,1.12489,1.12483,1500000,1500000
2016-06-12 22:05:10.303000,1.12489,1.12483,1500000,1870000
2016-06-12 22:05:10.882000,1.12489,1.12483,2250000,1870000
2016-06-12 22:05:11.470000,1.12489,1.12483,1500000,1500000
2016-06-12 22:05:13.701000,1.12489,1.12482,3750000,4500000
2016-06-12 22:05:16.091000,1.12489,1.12483,3750000,1000000
2016-06-12 22:05:16.595000,1.12489,1.12482,3000000,2250000
2016-06-12 22:05:19.316000,1.12489,1.12483,2250000,1000000
2016-06-12 22:05:26.123000,1.12489,1.12485,1500000,1000000
2016-06-12 22:05:26.428000,1.12489,1.12483,3280000,1500000
2016-06-12 22:05:27.400000,1.12489,1.12484,1500000,1000000
2016-06-12 22:05:27.907000,1.12489,1.12484,1500000,1870000
2016-06-12 22:05:29.155000,1.12489,1.12484,1500000,1500000
2016-06-12 22:05:29.308000,1.12487,1.12484,1500000,1500000
2016-06-12 22:05:29.613000,1.12483,1.12482,1000000,1500000
2016-06-12 22:05:30.064000,1.12484,1.12480,1000000,3370000
2016-06-12 22:05:30.864000,1.12484,1.12481,1000000,3000000
2016-06-12 22:05:33.602000,1.12484,1.12480,1000000,2620000
2016-06-12 22:05:34.346000,1.12484,1.12481,1000000,1500000
2016-06-12 22:05:36.446000,1.12484,1.12482,1000000,1500000
2016-06-12 22:05:37.178000,1.12484,1.12481,1000000,2250000
2016-06-12 22:05:40.987000,1.12485,1.12482,1000000,1500000
2016-06-12 22:05:41.038000,1.12489,1.12482,1500000,1500000
2016-06-12 22:05:41.342000,1.12486,1.12482,1000000,1500000
2016-06-12 22:05:41.856000,1.12485,1.12482,1000000,1500000
2016-06-12 22:05:42.656000,1.12487,1.12482,1000000,1500000
2016-06-12 22:05:43.514000,1.12488,1.12482,1500000,1500000
2016-06-12 22:05:44.080000,1.12489,1.12482,2250000,3000000
2016-06-12 22:06:06.301000,1.12489,1.12484,1500000,1000000
2016-06-12 22:06:06.855000,1.12489,1.12484,1000000,1870000
2016-06-12 22:06:08.054000,1.12489,1.12484,1000000,1120000
2016-06-12 22:06:08.841000,1.12489,1.12484,1000000,1370000
2016-06-12 22:06:08.929000,1.12489,1.12483,1000000,1500000
2016-06-12 22:06:11.159000,1.12489,1.12482,2250000,2250000
2016-06-12 22:06:13.194000,1.12489,1.12483,1000000,1000000
2016-06-12 22:06:18.879000,1.12489,1.12483,1000000,1950000
2016-06-12 22:06:28.117000,1.12488,1.12484,1500000,1120000
2016-06-12 22:06:28.431000,1.12486,1.12481,1500000,1900000
2016-06-12 22:06:29.059000,1.12488,1.12483,1000000,1450000
2016-06-12 22:06:31.043000,1.12487,1.12480,1500000,4910000
2016-06-12 22:06:32.731000,1.12487,1.12481,1500000,1650000
2016-06-12 22:06:33.392000,1.12487,1.12484,1500000,1000000
2016-06-12 22:06:38.820000,1.12488,1.12482,1500000,1500000
2016-06-12 22:06:39.326000,1.12488,1.12481,1500000,2850000
2016-06-12 22:06:44.023000,1.12488,1.12483,1500000,1600000
2016-06-12 22:06:44.124000,1.12490,1.12485,3000000,1370000
2016-06-12 22:06:44.795000,1.12490,1.12484,3000000,1750000
2016-06-12 22:06:51.045000,1.12490,1.12485,3000000,1500000
2016-06-12 22:06:51.594000,1.12489,1.12486,1000000,1720000
2016-06-12 22:06:52.950000,1.12490,1.12485,3750000,1050000
2016-06-12 22:06:56.360000,1.12489,1.12484,2530000,1370000
2016-06-12 22:06:56.867000,1.12489,1.12484,1180000,1370000
2016-06-12 22:06:57.557000,1.12489,1.12484,1180000,1120000
2016-06-12 22:06:58.058000,1.12489,1.12484,1180000,1370000
2016-06-12 22:06:58.962000,1.12484,1.12483,1000000,1000000
2016-06-12 22:06:59.064000,1.12484,1.12478,2250000,2440000
2016-06-12 22:06:59.613000,1.12483,1.12478,2250000,1250000
2016-06-12 22:07:00.120000,1.12484,1.12479,2250000,1050000
2016-06-12 22:07:01.080000,1.12484,1.12480,1000000,1250000
2016-06-12 22:07:09.219000,1.12486,1.12481,1610000,1000000
2016-06-12 22:07:09.371000,1.12488,1.12482,1000000,2250000
2016-06-12 22:07:11.963000,1.12487,1.12482,1000000,1500000
2016-06-12 22:07:13.360000,1.12488,1.12482,1000000,1500000
2016-06-12 22:07:13.970000,1.12487,1.12482,1000000,2250000
2016-06-12 22:07:15.963000,1.12488,1.12482,1000000,2250000
2016-06-12 22:07:18.073000,1.12486,1.12482,1000000,1500000
2016-06-12 22:07:18.893000,1.12488,1.12483,1000000,1800000
2016-06-12 22:07:22.331000,1.12488,1.12484,1000000,1500000
2016-06-12 22:07:22.638000,1.12488,1.12482,1000000,1500000
2016-06-12 22:07:35.386000,1.12488,1.12483,1000000,1000000
2016-06-12 22:07:35.909000,1.12488,1.12482,1000000,1500000
2016-06-12 22:07:36.416000,1.12488,1.12483,1000000,1000000
2016-06-12 22:07:38.374000,1.12488,1.12482,1000000,1500000
2016-06-12 22:07:39.072000,1.12488,1.12483,1000000,1000000
2016-06-12 22:07:40.073000,1.12488,1.12482,1000000,1500000
2016-06-12 22:07:41.705000,1.12488,1.12483,1000000,1000000
2016-06-12 22:07:42.229000,1.12488,1.12482,1000000,3000000
2016-06-12 22:07:45.485000,1.12488,1.12483,1000000,1000000
2016-06-12 22:07:47.185000,1.12488,1.12482,1000000,2250000
2016-06-12 22:07:47.763000,1.12488,1.12483,1000000,1000000
2016-06-12 22:07:50.508000,1.12488,1.12482,1000000,2250000
2016-06-12 22:07:51.293000,1.12488,1.12483,1000000,1000000
2016-06-12 22:07:52.499000,1.12488,1.12482,1000000,2250000
2016-06-12 22:07:59.086000,1.12488,1.12483,1030000,1000000
2016-06-12 22:07:59.519000,1.12487,1.12480,3280000,3190000
2016-06-12 22:08:00.778000,1.12487,1.12482,1500000,1000000
2016-06-12 22:08:03.107000,1.12488,1.12482,1030000,3000000
2016-06-12 22:08:05.828000,1.12484,1.12481,2250000,4500000
2016-06-12 22:08:05.932000,1.12482,1.12480,1000000,1500000
2016-06-12 22:08:05.984000,1.12480,1.12477,1500000,1500000
2016-06-12 22:08:06.194000,1.12481,1.12479,1500000,4500000
2016-06-12 22:08:06.296000,1.12483,1.12481,1000000,1000000
2016-06-12 22:08:06.449000,1.12487,1.12480,8620000,2250000
2016-06-12 22:08:06.500000,1.12480,1.12477,1500000,1870000
2016-06-12 22:08:06.948000,1.12486,1.12480,2250000,1500000
2016-06-12 22:08:07.369000,1.12489,1.12483,3750000,1000000
2016-06-12 22:08:09.192000,1.12474,1.12473,9750000,2250000
2016-06-12 22:08:09.598000,1.12479,1.12476,1000000,1000000
2016-06-12 22:08:09.852000,1.12478,1.12477,1000000,1000000
2016-06-12 22:08:10.004000,1.12475,1.12473,2250000,1000000
2016-06-12 22:08:10.314000,1.12476,1.12474,1500000,1000000
2016-06-12 22:08:10.365000,1.12480,1.12477,1000000,1690000
2016-06-12 22:08:10.416000,1.12483,1.12478,2250000,1000000
2016-06-12 22:08:16.910000,1.12485,1.12479,1500000,1000000
2016-06-12 22:08:17.012000,1.12487,1.12480,2250000,1000000
2016-06-12 22:08:17.522000,1.12488,1.12481,1500000,1000000
2016-06-12 22:08:18.044000,1.12488,1.12480,2250000,1000000
2016-06-12 22:08:18.309000,1.12490,1.12480,7570000,3000000
2016-06-12 22:08:20.538000,1.12490,1.12482,7200000,1000000
2016-06-12 22:08:21.287000,1.12486,1.12483,1000000,1000000
2016-06-12 22:08:22.626000,1.12490,1.12483,4200000,1000000
2016-06-12 22:08:25.063000,1.12489,1.12483,1000000,1000000
2016-06-12 22:08:25.115000,1.12486,1.12483,1000000,1000000
2016-06-12 22:08:25.632000,1.12485,1.12483,1000000,1000000
2016-06-12 22:08:26.726000,1.12486,1.12483,1000000,1000000
2016-06-12 22:08:28.485000,1.12485,1.12483,1000000,1000000
2016-06-12 22:08:29.143000,1.12490,1.12482,4950000,1000000
2016-06-12 22:08:29.533000,1.12489,1.12484,1000000,1500000
2016-06-12 22:08:29.837000,1.12486,1.12483,1000000,1000000
2016-06-12 22:08:33.592000,1.12489,1.12483,1500000,1250000
2016-06-12 22:08:35.935000,1.12488,1.12482,1800000,1190000
2016-06-12 22:08:35.987000,1.12488,1.12481,1800000,1000000
2016-06-12 22:08:40.829000,1.12485,1.12480,1500000,2250000
2016-06-12 22:08:40.931000,1.12488,1.12480,2550000,2250000
2016-06-12 22:08:44.742000,1.12488,1.12479,2920000,3750000
2016-06-12 22:08:50.257000,1.12482,1.12479,1000000,3750000
2016-06-12 22:08:50.561000,1.12480,1.12475,1000000,1350000
2016-06-12 22:08:55.422000,1.12479,1.12471,2250000,3190000
2016-06-12 22:08:55.960000,1.12479,1.12472,2250000,1000000
2016-06-12 22:09:04.717000,1.12480,1.12472,3750000,1000000
2016-06-12 22:09:07.306000,1.12480,1.12471,3750000,1760000
2016-06-12 22:09:08.340000,1.12480,1.12472,3000000,1000000
2016-06-12 22:09:11.749000,1.12480,1.12471,3000000,1760000
2016-06-12 22:09:12.261000,1.12480,1.12472,3000000,1000000
2016-06-12 22:09:12.770000,1.12480,1.12471,1500000,1760000
2016-06-12 22:09:13.530000,1.12480,1.12472,2250000,1000000
2016-06-12 22:09:16.868000,1.12480,1.12477,2250000,1000000
2016-06-12 22:09:16.970000,1.12480,1.12475,1000000,1250000
2016-06-12 22:09:17.021000,1.12480,1.12477,1000000,1000000
2016-06-12 22:09:17.536000,1.12480,1.12473,1000000,1000000
2016-06-12 22:09:18.046000,1.12479,1.12472,2250000,1250000
2016-06-12 22:09:20.933000,1.12479,1.12471,2250000,1690000
2016-06-12 22:09:21.747000,1.12479,1.12473,2250000,1000000
2016-06-12 22:09:22.051000,1.12477,1.12475,1500000,1000000
2016-06-12 22:09:22.558000,1.12477,1.12474,2250000,1000000
2016-06-12 22:09:22.609000,1.12477,1.12471,2250000,1690000
2016-06-12 22:09:24.881000,1.12472,1.12471,1000000,1250000
2016-06-12 22:09:24.983000,1.12471,1.12467,1000000,1310000
2016-06-12 22:09:25.034000,1.12471,1.12467,1500000,1010000
2016-06-12 22:09:26.645000,1.12471,1.12467,2250000,1320000
2016-06-12 22:09:27.192000,1.12471,1.12467,2250000,1010000
2016-06-12 22:09:28.285000,1.12470,1.12467,1000000,1010000
2016-06-12 22:09:28.844000,1.12471,1.12467,3000000,1250000
2016-06-12 22:09:29.360000,1.12469,1.12467,1000000,1250000
2016-06-12 22:09:30.707000,1.12470,1.12467,1000000,1010000
2016-06-12 22:09:31.251000,1.12471,1.12467,2250000,1010000
2016-06-12 22:09:33.240000,1.12470,1.12467,1000000,1010000
2016-06-12 22:09:33.443000,1.12466,1.12462,1500000,1250000
2016-06-12 22:09:37.671000,1.12461,1.12459,1000000,3000000
2016-06-12 22:09:37.874000,1.12461,1.12457,1000000,1250000
2016-06-12 22:09:38.382000,1.12461,1.12455,1070000,1220000
2016-06-12 22:09:38.534000,1.12461,1.12455,1070000,1600000
2016-06-12 22:09:38.923000,1.12462,1.12461,1870000,1250000
2016-06-12 22:09:39.009000,1.12466,1.12461,1570000,1250000
2016-06-12 22:09:39.514000,1.12467,1.12461,1050000,1250000
2016-06-12 22:09:40.020000,1.12468,1.12461,3750000,1690000
2016-06-12 22:09:40.122000,1.12468,1.12463,3750000,1250000
2016-06-12 22:09:40.657000,1.12468,1.12464,1070000,1000000
2016-06-12 22:09:40.961000,1.12454,1.12453,1500000,1000000
2016-06-12 22:09:41.063000,1.12456,1.12453,1000000,3000000
2016-06-12 22:09:41.368000,1.12458,1.12452,3000000,1290000
2016-06-12 22:09:41.470000,1.12460,1.12452,1500000,1010000
2016-06-12 22:09:42.074000,1.12460,1.12452,2250000,1320000
2016-06-12 22:09:42.530000,1.12460,1.12451,2250000,1000000
2016-06-12 22:09:45.128000,1.12461,1.12451,2250000,2250000
2016-06-12 22:09:45.640000,1.12460,1.12452,1000000,1000000
2016-06-12 22:09:46.367000,1.12461,1.12452,1570000,1000000
2016-06-12 22:09:47.931000,1.12461,1.12453,1100000,1000000
2016-06-12 22:09:48.436000,1.12462,1.12453,2320000,1500000
2016-06-12 22:09:48.966000,1.12462,1.12453,2320000,1000000
2016-06-12 22:09:50.775000,1.12462,1.12453,2320000,1000000
2016-06-12 22:09:55.649000,1.12462,1.12454,1500000,1000000
2016-06-12 22:09:56.158000,1.12462,1.12455,1500000,1500000
2016-06-12 22:10:00.413000,1.12464,1.12455,8700000,1500000
2016-06-12 22:10:01.572000,1.12464,1.12455,2620000,2250000
2016-06-12 22:10:01.777000,1.12464,1.12460,1070000,1000000
2016-06-12 22:10:01.879000,1.12465,1.12458,5250000,1000000
2016-06-12 22:10:02.082000,1.12465,1.12456,4950000,1000000
2016-06-12 22:10:02.589000,1.12465,1.12455,4950000,5250000
2016-06-12 22:10:03.996000,1.12465,1.12458,4570000,1000000
2016-06-12 22:10:04.300000,1.12465,1.12455,4950000,5250000
2016-06-12 22:10:05.029000,1.12466,1.12456,7870000,2250000
2016-06-12 22:10:07.774000,1.12465,1.12458,1500000,1370000
2016-06-12 22:10:07.927000,1.12468,1.12463,1200000,3000000
2016-06-12 22:10:08.601000,1.12469,1.12464,1000000,2250000
2016-06-12 22:10:09.184000,1.12469,1.12464,1120000,1000000
2016-06-12 22:10:09.235000,1.12469,1.12461,1120000,1500000
2016-06-12 22:10:09.752000,1.12468,1.12459,3370000,1500000
2016-06-12 22:10:10.262000,1.12468,1.12458,2320000,2250000
2016-06-12 22:10:10.769000,1.12468,1.12458,2620000,2250000
2016-06-12 22:10:11.284000,1.12468,1.12459,1570000,1000000
2016-06-12 22:10:11.823000,1.12469,1.12459,6070000,2250000
2016-06-12 22:10:13.264000,1.12468,1.12459,1000000,2250000
2016-06-12 22:10:13.770000,1.12467,1.12460,1000000,1000000
2016-06-12 22:10:15.257000,1.12467,1.12459,1000000,2250000
2016-06-12 22:10:15.359000,1.12467,1.12458,1000000,3000000
2016-06-12 22:10:15.868000,1.12467,1.12459,1000000,2250000
2016-06-12 22:10:16.021000,1.12467,1.12459,1000000,2250000
2016-06-12 22:10:16.547000,1.12467,1.12458,1000000,2250000
2016-06-12 22:10:17.914000,1.12467,1.12459,1000000,1500000
2016-06-12 22:10:18.570000,1.12467,1.12458,1000000,3000000
2016-06-12 22:10:19.323000,1.12467,1.12459,1000000,1000000
2016-06-12 22:10:21.482000,1.12466,1.12459,1000000,1000000
2016-06-12 22:10:22.154000,1.12463,1.12459,1000000,2250000
2016-06-12 22:10:22.506000,1.12463,1.12456,1500000,1570000
2016-06-12 22:10:22.557000,1.12463,1.12458,1500000,1000000
2016-06-12 22:10:22.659000,1.12466,1.12458,2400000,1000000
2016-06-12 22:10:23.477000,1.12466,1.12457,1350000,3000000
2016-06-12 22:10:24.301000,1.12465,1.12457,1000000,1500000
2016-06-12 22:10:24.355000,1.12465,1.12455,2250000,5320000
2016-06-12 22:10:24.863000,1.12466,1.12456,4570000,2250000
2016-06-12 22:10:25.383000,1.12466,1.12456,4570000,2250000
2016-06-12 22:10:26.388000,1.12466,1.12456,4500000,2250000
2016-06-12 22:10:26.945000,1.12466,1.12456,4570000,2250000
2016-06-12 22:10:27.760000,1.12466,1.12456,4870000,2250000
2016-06-12 22:10:28.794000,1.12466,1.12456,4570000,2250000
2016-06-12 22:10:29.303000,1.12466,1.12456,4870000,2250000
2016-06-12 22:10:30.596000,1.12463,1.12456,1000000,1500000
2016-06-12 22:10:30.698000,1.12463,1.12454,1500000,3750000
2016-06-12 22:10:31.334000,1.12463,1.12453,2250000,2510000
2016-06-12 22:10:31.894000,1.12462,1.12453,1500000,1010000
2016-06-12 22:10:32.909000,1.12460,1.12452,1500000,3070000
2016-06-12 22:10:33.876000,1.12462,1.12453,1500000,1100000
2016-06-12 22:10:34.401000,1.12462,1.12452,1500000,4690000
2016-06-12 22:10:34.909000,1.12462,1.12453,1500000,1000000
2016-06-12 22:10:35.659000,1.12462,1.12452,1500000,4690000
2016-06-12 22:10:36.185000,1.12462,1.12453,1500000,1000000
2016-06-12 22:10:36.704000,1.12462,1.12452,1500000,3940000
2016-06-12 22:10:37.560000,1.12462,1.12453,1500000,1500000
2016-06-12 22:10:39.528000,1.12463,1.12453,3820000,3000000
2016-06-12 22:10:40.489000,1.12463,1.12455,1500000,1000000
2016-06-12 22:10:41.165000,1.12464,1.12454,1570000,1500000
2016-06-12 22:10:41.488000,1.12464,1.12454,1870000,1500000
2016-06-12 22:10:42.198000,1.12463,1.12453,3370000,2440000
2016-06-12 22:10:42.718000,1.12461,1.12452,2320000,1690000
2016-06-12 22:10:43.785000,1.12461,1.12452,1000000,2440000
2016-06-12 22:10:44.123000,1.12460,1.12451,3370000,1000000
2016-06-12 22:10:45.782000,1.12460,1.12451,2620000,1000000
2016-06-12 22:10:46.330000,1.12459,1.12450,1370000,4270000
2016-06-12 22:10:47.947000,1.12458,1.12449,2620000,1330000
2016-06-12 22:10:55.650000,1.12459,1.12450,4120000,1450000
2016-06-12 22:10:59.859000,1.12459,1.12450,1370000,1450000
2016-06-12 22:11:03.774000,1.12457,1.12449,1000000,1600000
2016-06-12 22:11:04.681000,1.12459,1.12450,1070000,1120000
2016-06-12 22:11:06.773000,1.12459,1.12449,4870000,1900000
2016-06-12 22:11:07.303000,1.12458,1.12451,1500000,1000000
2016-06-12 22:11:12.435000,1.12458,1.12450,1500000,3700000
2016-06-12 22:11:12.970000,1.12458,1.12451,1500000,1000000
2016-06-12 22:11:13.836000,1.12458,1.12450,1500000,3700000
2016-06-12 22:11:14.387000,1.12458,1.12451,1500000,1000000
2016-06-12 22:11:17.746000,1.12458,1.12450,1500000,3330000
2016-06-12 22:11:18.349000,1.12458,1.12451,1370000,1000000
2016-06-12 22:11:18.668000,1.12459,1.12451,5250000,1500000
2016-06-12 22:11:18.720000,1.12459,1.12455,5250000,1000000
2016-06-12 22:11:19.031000,1.12458,1.12454,1370000,1000000
2016-06-12 22:11:19.741000,1.12458,1.12451,1370000,1500000
2016-06-12 22:11:22.804000,1.12459,1.12451,9000000,1000000
2016-06-12 22:11:26.105000,1.12459,1.12450,11620000,3330000
2016-06-12 22:11:31.780000,1.12459,1.12451,10870000,1000000
2016-06-12 22:11:42.588000,1.12458,1.12451,1500000,1500000
2016-06-12 22:11:44.004000,1.12458,1.12451,1370000,3000000
2016-06-12 22:11:46.518000,1.12457,1.12451,1370000,1000000
2016-06-12 22:11:47.570000,1.12457,1.12450,1370000,3330000
2016-06-12 22:11:57.957000,1.12458,1.12451,2250000,1000000
2016-06-12 22:11:58.485000,1.12458,1.12450,1500000,3700000
2016-06-12 22:11:58.990000,1.12458,1.12451,2250000,1000000
2016-06-12 22:12:00.186000,1.12458,1.12451,1870000,1000000
2016-06-12 22:12:00.968000,1.12458,1.12450,1370000,3700000
2016-06-12 22:12:01.482000,1.12458,1.12451,1870000,1000000
2016-06-12 22:12:11.498000,1.12458,1.12450,1370000,3330000
2016-06-12 22:12:12.043000,1.12458,1.12451,1370000,1000000
2016-06-12 22:12:14.736000,1.12458,1.12450,1370000,3330000
2016-06-12 22:12:15.250000,1.12458,1.12451,1370000,1500000
2016-06-12 22:12:21.803000,1.12458,1.12452,1370000,1120000
2016-06-12 22:12:26.798000,1.12459,1.12452,5620000,1870000
2016-06-12 22:12:43.176000,1.12459,1.12452,7120000,3000000
2016-06-12 22:12:51.768000,1.12459,1.12452,6370000,1000000
2016-06-12 22:13:04.176000,1.12459,1.12452,7500000,2250000
2016-06-12 22:13:04.688000,1.12459,1.12452,7500000,2250000
2016-06-12 22:13:20.767000,1.12459,1.12453,8250000,1000000
2016-06-12 22:13:21.172000,1.12459,1.12451,6750000,1000000
2016-06-12 22:13:21.802000,1.12459,1.12450,6370000,4450000
2016-06-12 22:13:26.735000,1.12459,1.12451,8250000,1000000
2016-06-12 22:13:34.200000,1.12459,1.12450,7500000,2950000
2016-06-12 22:13:34.973000,1.12459,1.12451,8250000,1000000
2016-06-12 22:13:35.377000,1.12459,1.12456,6370000,1000000
2016-06-12 22:13:35.921000,1.12460,1.12458,5250000,3000000
2016-06-12 22:13:35.972000,1.12467,1.12458,1000000,3000000
2016-06-12 22:13:36.175000,1.12465,1.12458,1000000,1500000
2016-06-12 22:13:36.683000,1.12466,1.12458,1000000,2250000
2016-06-12 22:13:37.374000,1.12464,1.12457,1000000,3750000
2016-06-12 22:13:37.578000,1.12466,1.12457,1000000,1500000
2016-06-12 22:13:38.085000,1.12466,1.12458,1000000,1000000
2016-06-12 22:13:38.593000,1.12465,1.12457,1000000,1000000
2016-06-12 22:13:38.898000,1.12467,1.12458,2250000,1000000
2016-06-12 22:13:39.486000,1.12466,1.12458,1000000,1000000
2016-06-12 22:13:40.498000,1.12467,1.12458,1000000,1000000
2016-06-12 22:13:41.006000,1.12466,1.12458,1000000,1000000
2016-06-12 22:13:41.326000,1.12464,1.12458,1000000,1000000
2016-06-12 22:13:41.631000,1.12466,1.12457,1000000,1500000
2016-06-12 22:13:42.138000,1.12466,1.12458,1000000,1000000
2016-06-12 22:13:42.189000,1.12466,1.12456,1000000,5250000
2016-06-12 22:13:42.695000,1.12467,1.12457,1000000,3750000
2016-06-12 22:13:42.746000,1.12465,1.12457,1000000,4500000
2016-06-12 22:13:43.275000,1.12468,1.12458,1570000,1500000
2016-06-12 22:13:43.529000,1.12465,1.12458,1000000,3750000
2016-06-12 22:13:44.035000,1.12466,1.12458,1000000,1000000
2016-06-12 22:13:44.543000,1.12465,1.12458,1000000,1500000
2016-06-12 22:13:45.376000,1.12466,1.12458,1000000,1500000
2016-06-12 22:13:45.889000,1.12465,1.12458,1000000,1500000
2016-06-12 22:13:47.293000,1.12466,1.12458,1000000,1000000
2016-06-12 22:13:47.801000,1.12465,1.12458,1000000,1500000
2016-06-12 22:13:51.154000,1.12465,1.12457,1000000,6000000
2016-06-12 22:13:51.603000,1.12468,1.12458,1570000,1000000
2016-06-12 22:13:52.109000,1.12468,1.12457,2320000,3750000
2016-06-12 22:13:52.615000,1.12468,1.12458,2320000,1000000
2016-06-12 22:13:53.137000,1.12467,1.12457,1500000,1500000
2016-06-12 22:13:53.714000,1.12468,1.12457,3070000,3000000
2016-06-12 22:13:54.246000,1.12468,1.12458,5170000,1500000
2016-06-12 22:13:54.752000,1.12467,1.12457,1000000,1500000
2016-06-12 22:13:55.409000,1.12467,1.12458,1500000,1000000
2016-06-12 22:13:55.915000,1.12467,1.12457,2620000,2250000
2016-06-12 22:13:56.522000,1.12468,1.12457,3070000,1500000
2016-06-12 22:13:57.030000,1.12468,1.12458,3000000,1000000
2016-06-12 22:13:57.648000,1.12467,1.12458,1000000,1000000
2016-06-12 22:13:58.156000,1.12467,1.12457,2620000,3000000
2016-06-12 22:13:58.714000,1.12468,1.12457,3070000,1000000
2016-06-12 22:13:59.272000,1.12467,1.12457,3750000,1000000
2016-06-12 22:13:59.790000,1.12467,1.12458,1500000,1000000
2016-06-12 22:14:00.297000,1.12467,1.12457,7120000,1000000
2016-06-12 22:14:01.033000,1.12468,1.12458,2250000,1000000
2016-06-12 22:14:01.651000,1.12468,1.12457,3750000,2250000
2016-06-12 22:14:02.158000,1.12467,1.12457,2250000,1000000
2016-06-12 22:14:02.310000,1.12467,1.12459,4500000,2250000
2016-06-12 22:14:02.513000,1.12469,1.12459,2250000,4870000
2016-06-12 22:14:03.020000,1.12469,1.12458,3070000,1600000
2016-06-12 22:14:03.533000,1.12469,1.12459,3450000,2620000
2016-06-12 22:14:04.039000,1.12468,1.12459,7200000,2250000
2016-06-12 22:14:04.545000,1.12469,1.12459,2700000,2250000
2016-06-12 22:14:05.049000,1.12468,1.12459,2550000,1120000
2016-06-12 22:14:05.556000,1.12469,1.12459,1100000,3750000
2016-06-12 22:14:06.011000,1.12469,1.12459,1120000,3750000
2016-06-12 22:14:06.366000,1.12470,1.12459,3820000,3000000
2016-06-12 22:14:06.721000,1.12466,1.12459,1870000,2250000
2016-06-12 22:14:07.246000,1.12469,1.12459,2620000,3000000
2016-06-12 22:14:07.758000,1.12467,1.12459,3750000,2620000
2016-06-12 22:14:07.911000,1.12469,1.12459,1200000,6000000
2016-06-12 22:14:08.419000,1.12468,1.12459,1870000,3000000
2016-06-12 22:14:09.416000,1.12469,1.12459,1200000,6000000
2016-06-12 22:14:09.924000,1.12468,1.12459,1870000,3000000
2016-06-12 22:14:10.093000,1.12470,1.12460,2250000,1000000
2016-06-12 22:14:10.196000,1.12468,1.12459,5550000,6000000
2016-06-12 22:14:10.817000,1.12470,1.12460,3070000,1000000
2016-06-12 22:14:10.969000,1.12468,1.12459,1800000,3000000
2016-06-12 22:14:11.477000,1.12468,1.12460,1500000,1000000
2016-06-12 22:14:11.528000,1.12470,1.12460,2320000,1000000
2016-06-12 22:14:11.680000,1.12468,1.12459,1800000,3750000
2016-06-12 22:14:12.187000,1.12468,1.12461,1100000,1000000
2016-06-12 22:14:12.289000,1.12470,1.12461,5250000,1000000
2016-06-12 22:14:12.676000,1.12466,1.12458,1870000,1000000
2016-06-12 22:14:12.931000,1.12469,1.12457,1570000,4500000
2016-06-12 22:14:13.084000,1.12467,1.12457,2250000,1500000
2016-06-12 22:14:13.590000,1.12466,1.12457,5250000,1000000
2016-06-12 22:14:14.046000,1.12468,1.12457,1100000,2250000
2016-06-12 22:14:14.597000,1.12467,1.12457,8700000,1500000
2016-06-12 22:14:15.659000,1.12468,1.12457,3820000,2250000
2016-06-12 22:14:16.688000,1.12467,1.12457,8700000,1000000
2016-06-12 22:14:17.232000,1.12467,1.12456,7950000,3750000
2016-06-12 22:14:17.736000,1.12467,1.12457,8700000,1000000
2016-06-12 22:14:19.338000,1.12464,1.12457,1000000,1000000
2016-06-12 22:14:23.946000,1.12465,1.12456,1000000,2250000
2016-06-12 22:14:24.401000,1.12467,1.12457,4200000,1000000
2016-06-12 22:14:27.356000,1.12467,1.12463,4200000,1000000
2016-06-12 22:14:27.610000,1.12472,1.12467,2250000,1140000
2016-06-12 22:14:27.661000,1.12472,1.12467,2620000,1140000
2016-06-12 22:14:28.433000,1.12471,1.12467,2170000,1140000
2016-06-12 22:14:28.484000,1.12472,1.12465,3370000,1500000
2016-06-12 22:14:28.942000,1.12468,1.12463,2250000,1500000
2016-06-12 22:14:29.095000,1.12468,1.12459,1500000,1000000
2016-06-12 22:14:29.602000,1.12468,1.12457,1070000,3750000
2016-06-12 22:14:29.704000,1.12469,1.12457,1570000,3750000
2016-06-12 22:14:30.256000,1.12469,1.12458,3070000,1500000
2016-06-12 22:14:30.764000,1.12468,1.12457,7870000,2250000
2016-06-12 22:14:31.271000,1.12468,1.12458,5700000,1000000
2016-06-12 22:14:31.872000,1.12468,1.12458,1070000,2250000
2016-06-12 22:14:32.410000,1.12469,1.12458,8700000,3750000
2016-06-12 22:14:33.979000,1.12469,1.12457,2320000,3750000
2016-06-12 22:14:34.524000,1.12470,1.12458,6370000,3000000
2016-06-12 22:14:35.030000,1.12469,1.12457,6820000,6000000
2016-06-12 22:14:35.586000,1.12469,1.12459,2320000,1000000
2016-06-12 22:14:35.688000,1.12469,1.12457,1570000,4500000
2016-06-12 22:14:36.306000,1.12468,1.12458,1100000,1000000
2016-06-12 22:14:36.812000,1.12468,1.12458,3450000,1000000
2016-06-12 22:14:37.318000,1.12468,1.12458,6070000,1000000
2016-06-12 22:14:37.825000,1.12468,1.12458,1070000,1000000
2016-06-12 22:14:38.547000,1.12468,1.12457,1000000,3000000
2016-06-12 22:14:39.057000,1.12470,1.12458,6450000,3000000
2016-06-12 22:14:39.463000,1.12462,1.12460,1000000,1500000
2016-06-12 22:14:39.578000,1.12466,1.12456,3000000,1000000
2016-06-12 22:14:39.971000,1.12465,1.12454,6820000,3600000
2016-06-12 22:14:40.022000,1.12465,1.12456,6820000,1000000
2016-06-12 22:14:40.328000,1.12468,1.12457,4570000,1500000
2016-06-12 22:14:40.733000,1.12469,1.12457,2620000,3750000
2016-06-12 22:14:41.240000,1.12468,1.12458,1070000,2250000
2016-06-12 22:14:41.789000,1.12468,1.12457,1570000,3000000
2016-06-12 22:14:42.492000,1.12469,1.12458,3000000,1000000
2016-06-12 22:14:42.999000,1.12468,1.12457,2700000,1500000
2016-06-12 22:14:44.119000,1.12468,1.12456,6070000,3000000
2016-06-12 22:14:44.625000,1.12469,1.12458,3000000,1000000
2016-06-12 22:14:45.233000,1.12468,1.12457,9450000,2250000
2016-06-12 22:14:45.858000,1.12468,1.12456,9450000,3000000
2016-06-12 22:14:46.162000,1.12469,1.12458,3750000,1000000
2016-06-12 22:14:46.668000,1.12468,1.12458,7500000,1000000
2016-06-12 22:14:47.417000,1.12468,1.12457,6750000,5250000
2016-06-12 22:14:50.827000,1.12468,1.12458,7500000,1000000
2016-06-12 22:14:51.361000,1.12468,1.12458,6450000,1000000
2016-06-12 22:14:51.920000,1.12468,1.12457,7200000,3750000
2016-06-12 22:14:52.503000,1.12469,1.12458,1200000,3750000
2016-06-12 22:14:54.941000,1.12468,1.12457,1570000,1500000
2016-06-12 22:14:55.447000,1.12469,1.12458,1950000,2250000
2016-06-12 22:14:56.680000,1.12468,1.12457,1950000,4500000
2016-06-12 22:14:57.186000,1.12469,1.12458,1200000,3000000
2016-06-12 22:14:57.692000,1.12470,1.12458,1950000,2250000
2016-06-12 22:14:58.558000,1.12469,1.12458,1500000,3000000
2016-06-12 22:14:58.811000,1.12469,1.12458,8320000,3000000
2016-06-12 22:15:00.176000,1.12469,1.12457,4570000,3750000
2016-06-12 22:15:00.684000,1.12469,1.12458,5700000,3000000
2016-06-12 22:15:01.193000,1.12469,1.12457,4950000,3750000
2016-06-12 22:15:01.450000,1.12469,1.12458,4120000,1500000
2016-06-12 22:15:01.994000,1.12469,1.12458,5320000,3750000
2016-06-12 22:15:02.502000,1.12469,1.12459,1500000,4500000
2016-06-12 22:15:03.110000,1.12469,1.12459,3820000,1000000
2016-06-12 22:15:03.650000,1.12469,1.12459,2250000,3750000
2016-06-12 22:15:03.752000,1.12469,1.12459,1200000,3750000
2016-06-12 22:15:04.035000,1.12469,1.12459,1500000,3750000
2016-06-12 22:15:04.086000,1.12470,1.12459,2250000,3750000
2016-06-12 22:15:04.596000,1.12469,1.12459,9370000,1500000
2016-06-12 22:15:05.355000,1.12469,1.12460,1500000,1120000
2016-06-12 22:15:05.508000,1.12469,1.12459,3820000,1500000
2016-06-12 22:15:06.019000,1.12469,1.12460,5320000,1120000
2016-06-12 22:15:06.525000,1.12469,1.12459,10570000,1000000
2016-06-12 22:15:07.285000,1.12469,1.12459,12370000,1000000
2016-06-12 22:15:07.934000,1.12468,1.12458,4120000,1500000
2016-06-12 22:15:08.036000,1.12468,1.12460,1570000,1000000
2016-06-12 22:15:08.340000,1.12468,1.12458,6750000,2620000
2016-06-12 22:15:08.846000,1.12469,1.12459,2700000,1870000
2016-06-12 22:15:09.352000,1.12469,1.12459,8620000,1870000
2016-06-12 22:15:10.059000,1.12469,1.12459,4570000,1870000
2016-06-12 22:15:10.567000,1.12468,1.12460,4570000,1120000
2016-06-12 22:15:10.720000,1.12467,1.12458,1870000,1000000
2016-06-12 22:15:10.822000,1.12467,1.12460,5320000,1120000
2016-06-12 22:15:11.329000,1.12469,1.12459,4870000,1500000
2016-06-12 22:15:11.862000,1.12469,1.12460,1950000,1120000
2016-06-12 22:15:12.471000,1.12468,1.12458,3820000,2250000
2016-06-12 22:15:12.522000,1.12468,1.12460,3820000,1000000
2016-06-12 22:15:13.992000,1.12470,1.12460,5250000,1000000
2016-06-12 22:15:14.982000,1.12469,1.12460,1500000,1120000
2016-06-12 22:15:15.656000,1.12468,1.12459,3000000,1500000
2016-06-12 22:15:15.859000,1.12469,1.12460,1200000,1000000
2016-06-12 22:15:16.370000,1.12469,1.12460,3370000,1000000
2016-06-12 22:15:19.360000,1.12468,1.12466,1870000,1250000
2016-06-12 22:15:19.912000,1.12472,1.12468,1370000,1000000
2016-06-12 22:15:19.980000,1.12476,1.12468,2620000,1000000
2016-06-12 22:15:20.990000,1.12476,1.12466,1870000,2620000
2016-06-12 22:15:21.468000,1.12476,1.12467,1870000,2250000
2016-06-12 22:15:23.673000,1.12476,1.12467,1870000,2250000
2016-06-12 22:15:24.285000,1.12476,1.12467,1870000,2250000
2016-06-12 22:15:25.750000,1.12476,1.12467,1870000,2250000
2016-06-12 22:15:26.256000,1.12476,1.12467,1870000,2250000
2016-06-12 22:15:27.066000,1.12476,1.12467,1870000,1500000
2016-06-12 22:15:27.649000,1.12476,1.12468,1870000,1120000
2016-06-12 22:15:28.160000,1.12476,1.12468,1870000,1120000
2016-06-12 22:15:28.668000,1.12476,1.12468,1500000,1120000
2016-06-12 22:15:29.217000,1.12478,1.12473,1370000,1120000
2016-06-12 22:15:29.268000,1.12483,1.12473,1120000,1120000
2016-06-12 22:15:29.371000,1.12484,1.12475,1920000,1500000
2016-06-12 22:15:29.474000,1.12484,1.12475,1070000,2250000
2016-06-12 22:15:31.095000,1.12484,1.12476,1070000,1000000
2016-06-12 22:15:34.480000,1.12484,1.12478,1070000,1150000
2016-06-12 22:15:34.531000,1.12487,1.12478,4420000,1600000
2016-06-12 22:15:34.633000,1.12487,1.12479,4800000,1720000
2016-06-12 22:15:34.937000,1.12487,1.12483,1000000,1000000
2016-06-12 22:15:35.140000,1.12494,1.12484,2470000,1200000
2016-06-12 22:15:35.242000,1.12494,1.12484,2470000,1950000
2016-06-12 22:15:35.783000,1.12494,1.12484,2400000,2250000
2016-06-12 22:15:36.285000,1.12495,1.12484,1970000,3450000
2016-06-12 22:15:36.873000,1.12495,1.12485,2020000,1120000
2016-06-12 22:15:37.391000,1.12494,1.12485,1450000,2620000
2016-06-12 22:15:37.442000,1.12494,1.12485,2850000,4120000
2016-06-12 22:15:42.180000,1.12494,1.12485,2620000,4500000
2016-06-12 22:15:42.700000,1.12494,1.12485,3000000,4500000
2016-06-12 22:15:43.863000,1.12494,1.12485,3750000,2250000
2016-06-12 22:15:44.371000,1.12494,1.12484,2250000,1870000
2016-06-12 22:15:44.878000,1.12496,1.12484,4870000,4120000
2016-06-12 22:15:45.568000,1.12495,1.12484,2590000,3450000
2016-06-12 22:15:46.074000,1.12495,1.12485,2590000,1120000
2016-06-12 22:15:46.610000,1.12494,1.12484,2660000,2320000
2016-06-12 22:15:47.255000,1.12486,1.12481,1500000,1500000
2016-06-12 22:15:47.358000,1.12488,1.12480,1000000,2620000
2016-06-12 22:15:47.460000,1.12492,1.12481,1450000,2700000
2016-06-12 22:15:59.217000,1.12491,1.12482,1270000,1370000
2016-06-12 22:15:59.320000,1.12490,1.12480,3370000,1120000
2016-06-12 22:16:00.101000,1.12490,1.12481,1120000,3750000
2016-06-12 22:16:00.163000,1.12491,1.12483,3750000,1000000
2016-06-12 22:16:01.130000,1.12491,1.12482,3750000,2320000
2016-06-12 22:16:01.666000,1.12492,1.12482,2700000,1950000
2016-06-12 22:16:01.768000,1.12494,1.12484,1500000,1870000
2016-06-12 22:16:01.820000,1.12494,1.12487,1000000,1000000
2016-06-12 22:16:02.330000,1.12495,1.12487,3000000,1000000
2016-06-12 22:16:04.163000,1.12495,1.12486,3370000,1000000
2016-06-12 22:16:04.715000,1.12495,1.12487,3370000,1000000
2016-06-12 22:16:05.645000,1.12495,1.12485,2620000,1000000
2016-06-12 22:16:05.747000,1.12495,1.12487,3370000,1000000
2016-06-12 22:16:06.828000,1.12495,1.12485,3000000,3000000
2016-06-12 22:16:06.879000,1.12495,1.12487,3370000,1000000
2016-06-12 22:16:11.313000,1.12495,1.12491,2620000,1500000
2016-06-12 22:16:11.569000,1.12504,1.12498,1100000,1000000
2016-06-12 22:16:11.671000,1.12506,1.12499,1120000,1000000
2016-06-12 22:16:11.825000,1.12506,1.12501,1500000,1000000
2016-06-12 22:16:12.630000,1.12508,1.12501,1500000,1000000
2016-06-12 22:16:12.833000,1.12510,1.12502,3450000,1000000
2016-06-12 22:16:13.359000,1.12507,1.12500,1000000,1870000
2016-06-12 22:16:13.411000,1.12507,1.12500,1000000,1500000
2016-06-12 22:16:13.513000,1.12508,1.12498,2620000,1000000
2016-06-12 22:16:13.854000,1.12508,1.12496,1800000,5620000
2016-06-12 22:16:14.108000,1.12508,1.12498,2250000,1000000
2016-06-12 22:16:14.768000,1.12509,1.12497,6150000,2620000
2016-06-12 22:16:15.357000,1.12509,1.12497,5770000,3000000
2016-06-12 22:16:15.814000,1.12509,1.12499,1000000,1000000
2016-06-12 22:16:16.320000,1.12510,1.12498,2620000,3000000
2016-06-12 22:16:16.624000,1.12511,1.12500,2250000,1870000
2016-06-12 22:16:17.128000,1.12513,1.12501,1500000,3000000
2016-06-12 22:16:18.442000,1.12513,1.12502,1500000,1000000
2016-06-12 22:16:19.440000,1.12513,1.12504,1000000,1870000
2016-06-12 22:16:19.745000,1.12522,1.12511,4210000,1000000
2016-06-12 22:16:20.445000,1.12520,1.12510,3010000,1000000
2016-06-12 22:16:20.496000,1.12519,1.12508,1770000,1500000
2016-06-12 22:16:20.650000,1.12521,1.12510,1740000,3000000
2016-06-12 22:16:21.161000,1.12519,1.12509,1020000,1500000
2016-06-12 22:16:22.350000,1.12517,1.12508,1010000,1000000
2016-06-12 22:16:22.757000,1.12517,1.12506,1010000,2250000
2016-06-12 22:16:23.450000,1.12517,1.12506,1010000,2250000
2016-06-12 22:16:24.116000,1.12518,1.12506,3760000,2250000
2016-06-12 22:16:24.757000,1.12517,1.12505,1510000,3000000
2016-06-12 22:16:25.468000,1.12517,1.12505,1880000,3750000
2016-06-12 22:16:25.570000,1.12519,1.12507,2640000,1500000
2016-06-12 22:16:25.773000,1.12517,1.12505,2630000,3750000
2016-06-12 22:16:26.277000,1.12518,1.12506,7130000,1500000
2016-06-12 22:16:27.054000,1.12518,1.12506,2630000,2250000
2016-06-12 22:16:27.561000,1.12516,1.12506,1010000,1000000
2016-06-12 22:16:28.110000,1.12516,1.12505,2620000,1000000
2016-06-12 22:16:28.972000,1.12516,1.12506,1010000,1500000
2016-06-12 22:16:30.939000,1.12518,1.12507,2260000,1500000
2016-06-12 22:16:32.819000,1.12518,1.12506,3760000,2250000
2016-06-12 22:16:34.439000,1.12518,1.12509,2260000,1500000
2016-06-12 22:16:35.954000,1.12518,1.12506,2260000,2620000
2016-06-12 22:16:36.464000,1.12515,1.12505,1500000,1000000
2016-06-12 22:16:37,1.12517,1.12505,3010000,3750000
2016-06-12 22:16:39.839000,1.12516,1.12505,2250000,1780000
2016-06-12 22:16:40.504000,1.12517,1.12506,3000000,1360000
2016-06-12 22:16:41.827000,1.12517,1.12506,3750000,1360000
2016-06-12 22:16:42.389000,1.12517,1.12508,3000000,1360000
2016-06-12 22:16:43.070000,1.12517,1.12506,3000000,1360000
2016-06-12 22:16:43.602000,1.12517,1.12505,2250000,4630000
2016-06-12 22:16:43.653000,1.12519,1.12509,2330000,2230000
2016-06-12 22:16:44.244000,1.12520,1.12510,3000000,1140000
2016-06-12 22:16:44.652000,1.12520,1.12513,2250000,1000000
