time,ask,bid,ask_volume,bid_volume
2016-08-14 21:00:08.731000,1.11720,1.11670,750000,750000
2016-08-14 21:00:34.074000,1.11717,1.11673,750000,750000
2016-08-14 21:01:22.908000,1.11711,1.11673,750000,750000
2016-08-14 21:01:23.324000,1.11708,1.11672,750000,750000
2016-08-14 21:01:27.163000,1.11717,1.11673,750000,750000
2016-08-14 21:02:07.044000,1.11718,1.11672,750000,750000
2016-08-14 21:02:31.481000,1.11718,1.11672,1500000,750000
2016-08-14 21:02:31.532000,1.11717,1.11672,370000,1120000
2016-08-14 21:02:31.583000,1.11717,1.11672,750000,1500000
2016-08-14 21:02:47.068000,1.11717,1.11673,1500000,750000
2016-08-14 21:04:01.433000,1.11717,1.11673,1500000,1000000
2016-08-14 21:04:41.904000,1.11709,1.11685,1000000,750000
2016-08-14 21:05:11.842000,1.11709,1.11682,1000000,750000
2016-08-14 21:05:17.120000,1.11709,1.11682,1000000,1000000
2016-08-14 21:06:25.831000,1.11709,1.11675,1000000,2250000
2016-08-14 21:06:25.932000,1.11710,1.11684,1000000,1000000
2016-08-14 21:07:33.228000,1.11709,1.11683,1000000,1000000
2016-08-14 21:09:31.503000,1.11708,1.11683,1000000,1000000
2016-08-14 21:09:31.605000,1.11706,1.11679,1000000,1000000
2016-08-14 21:09:31.656000,1.11706,1.11676,1500000,1010000
2016-08-14 21:09:33.515000,1.11706,1.11676,1000000,1010000
2016-08-14 21:09:33.939000,1.11706,1.11676,1000000,1000000
2016-08-14 21:09:34.437000,1.11706,1.11676,1820000,1000000
2016-08-14 21:09:34.503000,1.11697,1.11676,1000000,1000000
2016-08-14 21:09:34.554000,1.11697,1.11673,2320000,1500000
2016-08-14 21:09:34.605000,1.11695,1.11673,1000000,1500000
2016-08-14 21:09:34.656000,1.11693,1.11673,1000000,1000000
2016-08-14 21:09:35.763000,1.11694,1.11673,1000000,1000000
2016-08-14 21:09:36.437000,1.11693,1.11673,1000000,1000000
2016-08-14 21:09:37.653000,1.11685,1.11671,1500000,1500000
2016-08-14 21:09:37.705000,1.11684,1.11671,3000000,1250000
2016-08-14 21:09:39.782000,1.11684,1.11671,3000000,1690000
2016-08-14 21:09:40.826000,1.11684,1.11673,3000000,1000000
2016-08-14 21:09:40.879000,1.11692,1.11673,1500000,1000000
2016-08-14 21:09:41.291000,1.11693,1.11673,1000000,1000000
2016-08-14 21:09:41.407000,1.11693,1.11671,1000000,1250000
2016-08-14 21:09:41.458000,1.11694,1.11671,1000000,1250000
2016-08-14 21:09:41.508000,1.11697,1.11670,1000000,2440000
2016-08-14 21:09:41.559000,1.11698,1.11671,1000000,1250000
2016-08-14 21:09:41.660000,1.11700,1.11674,4120000,1000000
2016-08-14 21:09:41.711000,1.11700,1.11674,3370000,1000000
2016-08-14 21:09:42.845000,1.11700,1.11674,3380000,1000000
2016-08-14 21:09:43.089000,1.11700,1.11674,3000000,1000000
2016-08-14 21:09:43.191000,1.11701,1.11674,3370000,1000000
2016-08-14 21:09:43.807000,1.11701,1.11674,2620000,1000000
2016-08-14 21:09:48.708000,1.11701,1.11676,2620000,1000000
2016-08-14 21:09:48.855000,1.11701,1.11676,1870000,1000000
2016-08-14 21:09:49.598000,1.11701,1.11676,1500000,1000000
2016-08-14 21:09:49.700000,1.11701,1.11676,1880000,1000000
2016-08-14 21:09:49.751000,1.11698,1.11676,1000000,1000000
2016-08-14 21:09:49.802000,1.11698,1.11672,1000000,1000000
2016-08-14 21:09:56.857000,1.11698,1.11672,1140000,1000000
2016-08-14 21:10:00.213000,1.11698,1.11671,1140000,1250000
2016-08-14 21:10:07.999000,1.11698,1.11671,1000000,1250000
2016-08-14 21:10:08.170000,1.11698,1.11671,1120000,1250000
2016-08-14 21:10:09.273000,1.11698,1.11671,1000000,1250000
2016-08-14 21:10:11.177000,1.11699,1.11671,1120000,1250000
2016-08-14 21:10:12.006000,1.11699,1.11672,1120000,1000000
2016-08-14 21:10:12.184000,1.11698,1.11672,1000000,1000000
2016-08-14 21:10:16.187000,1.11699,1.11672,1120000,1000000
2016-08-14 21:10:17.497000,1.11698,1.11672,1000000,1000000
2016-08-14 21:10:19.376000,1.11698,1.11672,1120000,1000000
2016-08-14 21:10:22.403000,1.11699,1.11672,1370000,1000000
2016-08-14 21:10:25.207000,1.11698,1.11672,1120000,1000000
2016-08-14 21:10:34.220000,1.11699,1.11672,1370000,1000000
2016-08-14 21:10:37.525000,1.11698,1.11672,1120000,1000000
2016-08-14 21:10:41.524000,1.11699,1.11672,1370000,1000000
2016-08-14 21:10:43.117000,1.11698,1.11672,1120000,1000000
2016-08-14 21:10:44.852000,1.11699,1.11672,1370000,1000000
2016-08-14 21:10:45.120000,1.11698,1.11672,1120000,1000000
2016-08-14 21:10:48.124000,1.11699,1.11672,1370000,1000000
2016-08-14 21:10:49.568000,1.11698,1.11672,1120000,1000000
2016-08-14 21:10:50.538000,1.11698,1.11672,1140000,1000000
2016-08-14 21:10:56.158000,1.11699,1.11672,1390000,1000000
2016-08-14 21:10:57.582000,1.11698,1.11672,1140000,1000000
2016-08-14 21:10:58.353000,1.11699,1.11672,1390000,1000000
2016-08-14 21:10:59.464000,1.11698,1.11672,1140000,1000000
2016-08-14 21:11:02.414000,1.11698,1.11672,1120000,1000000
2016-08-14 21:11:06.266000,1.11700,1.11672,2250000,1000000
2016-08-14 21:11:21.474000,1.11700,1.11672,1500000,1000000
2016-08-14 21:11:21.584000,1.11701,1.11672,5250000,1000000
2016-08-14 21:11:22.185000,1.11700,1.11672,2250000,1000000
2016-08-14 21:11:24.189000,1.11700,1.11672,1500000,1000000
2016-08-14 21:11:25.507000,1.11700,1.11672,2250000,1000000
2016-08-14 21:11:26.390000,1.11700,1.11672,1500000,1000000
2016-08-14 21:11:27.191000,1.11700,1.11672,2250000,1000000
2016-08-14 21:11:30.195000,1.11700,1.11672,1500000,1000000
2016-08-14 21:11:31.639000,1.11700,1.11672,1370000,1000000
2016-08-14 21:11:32.147000,1.11700,1.11673,1370000,1000000
2016-08-14 21:11:32.198000,1.11700,1.11673,1870000,1000000
2016-08-14 21:11:36.072000,1.11700,1.11673,1370000,1000000
2016-08-14 21:11:36.982000,1.11700,1.11673,1870000,1000000
2016-08-14 21:11:38.711000,1.11700,1.11673,1370000,1000000
2016-08-14 21:11:38.762000,1.11700,1.11673,1370000,1120000
2016-08-14 21:11:40.214000,1.11700,1.11673,1870000,1120000
2016-08-14 21:11:41.137000,1.11700,1.11673,1370000,1120000
2016-08-14 21:11:41.340000,1.11700,1.11673,1870000,1870000
2016-08-14 21:11:41.461000,1.11700,1.11676,1870000,1000000
2016-08-14 21:11:41.583000,1.11700,1.11676,2620000,1000000
2016-08-14 21:11:43.165000,1.11700,1.11676,1870000,1000000
2016-08-14 21:11:43.770000,1.11700,1.11676,2620000,1000000
2016-08-14 21:11:47.494000,1.11700,1.11676,1870000,1000000
2016-08-14 21:11:48.428000,1.11700,1.11676,2620000,1000000
2016-08-14 21:11:49.084000,1.11700,1.11676,1870000,1000000
2016-08-14 21:11:49.185000,1.11700,1.11676,2620000,1000000
2016-08-14 21:11:49.236000,1.11700,1.11676,1870000,1000000
2016-08-14 21:11:50.236000,1.11700,1.11676,2620000,1000000
2016-08-14 21:11:50.386000,1.11700,1.11676,1870000,1000000
2016-08-14 21:11:50.437000,1.11700,1.11676,1370000,1000000
2016-08-14 21:11:51.188000,1.11700,1.11676,1870000,1000000
2016-08-14 21:11:51.426000,1.11700,1.11676,2620000,1000000
2016-08-14 21:11:54.242000,1.11700,1.11676,1870000,1000000
2016-08-14 21:11:55.249000,1.11700,1.11676,2620000,1000000
2016-08-14 21:11:57.189000,1.11700,1.11676,1870000,1000000
2016-08-14 21:11:58.284000,1.11700,1.11676,2620000,1000000
2016-08-14 21:12:04.960000,1.11700,1.11676,1870000,1000000
2016-08-14 21:12:05.061000,1.11700,1.11678,1870000,1000000
2016-08-14 21:12:05.162000,1.11700,1.11678,2620000,1000000
2016-08-14 21:12:06.215000,1.11700,1.11678,1870000,1000000
2016-08-14 21:12:06.266000,1.11700,1.11678,1370000,1000000
2016-08-14 21:12:06.317000,1.11704,1.11678,1370000,1000000
2016-08-14 21:12:06.367000,1.11704,1.11681,1370000,1000000
2016-08-14 21:12:07.692000,1.11704,1.11683,1370000,1000000
2016-08-14 21:12:15.373000,1.11704,1.11683,1000000,1000000
2016-08-14 21:12:27.285000,1.11704,1.11683,1750000,1370000
2016-08-14 21:12:27.336000,1.11705,1.11683,3000000,1370000
2016-08-14 21:12:28.529000,1.11697,1.11683,1100000,1370000
2016-08-14 21:12:28.631000,1.11697,1.11683,1500000,1000000
2016-08-14 21:12:28.682000,1.11697,1.11678,1500000,1370000
2016-08-14 21:12:28.733000,1.11697,1.11678,1750000,1120000
2016-08-14 21:12:28.831000,1.11697,1.11675,1750000,1370000
2016-08-14 21:12:31.788000,1.11697,1.11678,1370000,1500000
2016-08-14 21:12:36.206000,1.11697,1.11678,1100000,1500000
2016-08-14 21:12:36.394000,1.11697,1.11678,1120000,1500000
2016-08-14 21:12:42.256000,1.11697,1.11678,1370000,1500000
2016-08-14 21:12:46.752000,1.11695,1.11678,1120000,1500000
2016-08-14 21:12:46.803000,1.11693,1.11676,1000000,1750000
2016-08-14 21:12:46.854000,1.11693,1.11676,1370000,1370000
2016-08-14 21:12:48.397000,1.11693,1.11676,1100000,2250000
2016-08-14 21:12:48.499000,1.11696,1.11678,1370000,2250000
2016-08-14 21:12:49.454000,1.11697,1.11678,2620000,2250000
2016-08-14 21:13:00.134000,1.11697,1.11678,1870000,2250000
2016-08-14 21:13:05.045000,1.11697,1.11678,2620000,2250000
2016-08-14 21:13:20.145000,1.11697,1.11678,1870000,2250000
2016-08-14 21:13:22.028000,1.11697,1.11678,2620000,2250000
2016-08-14 21:13:27.350000,1.11697,1.11678,1570000,1500000
2016-08-14 21:13:42.213000,1.11697,1.11678,1870000,1500000
2016-08-14 21:13:43.598000,1.11697,1.11678,1870000,1370000
2016-08-14 21:13:55.796000,1.11697,1.11678,2620000,1870000
2016-08-14 21:14:00.071000,1.11697,1.11678,1870000,1870000
2016-08-14 21:14:05.611000,1.11697,1.11678,1870000,2250000
2016-08-14 21:14:06.262000,1.11696,1.11678,1370000,1500000
2016-08-14 21:14:06.414000,1.11696,1.11677,1370000,1370000
2016-08-14 21:14:07.366000,1.11696,1.11677,1500000,1370000
2016-08-14 21:14:10.470000,1.11696,1.11677,1370000,1370000
2016-08-14 21:14:12.968000,1.11696,1.11677,1750000,1370000
2016-08-14 21:14:14.397000,1.11696,1.11677,1500000,1370000
2016-08-14 21:14:31.789000,1.11696,1.11677,1370000,1370000
2016-08-14 21:14:52.516000,1.11697,1.11676,2620000,2250000
2016-08-14 21:14:52.567000,1.11696,1.11677,1370000,1370000
2016-08-14 21:14:55.254000,1.11696,1.11677,1120000,1370000
2016-08-14 21:14:58.568000,1.11696,1.11677,1370000,1370000
2016-08-14 21:15:05.420000,1.11696,1.11676,1370000,1370000
2016-08-14 21:15:05.471000,1.11697,1.11676,2250000,1370000
2016-08-14 21:15:07.376000,1.11697,1.11676,1870000,1370000
2016-08-14 21:15:10.232000,1.11697,1.11676,2250000,1370000
2016-08-14 21:15:25.859000,1.11697,1.11676,1870000,1370000
2016-08-14 21:15:40.206000,1.11702,1.11679,3000000,1750000
2016-08-14 21:15:40.320000,1.11703,1.11679,1750000,1750000
2016-08-14 21:15:41.208000,1.11703,1.11679,1370000,1750000
2016-08-14 21:15:41.414000,1.11703,1.11679,1370000,1870000
2016-08-14 21:15:42.786000,1.11703,1.11679,1500000,1870000
2016-08-14 21:15:43.519000,1.11703,1.11679,1370000,1870000
2016-08-14 21:15:43.830000,1.11703,1.11679,1500000,1870000
2016-08-14 21:15:48.492000,1.11703,1.11681,1500000,1370000
2016-08-14 21:15:55.147000,1.11703,1.11681,1370000,1370000
2016-08-14 21:15:56.640000,1.11703,1.11681,1370000,1500000
2016-08-14 21:15:56.742000,1.11705,1.11681,1500000,1500000
2016-08-14 21:15:58.409000,1.11705,1.11681,1750000,1500000
2016-08-14 21:16:18.548000,1.11704,1.11681,1120000,1500000
2016-08-14 21:16:19.343000,1.11704,1.11680,1120000,1750000
2016-08-14 21:16:24.510000,1.11704,1.11680,1200000,1750000
2016-08-14 21:16:26.471000,1.11704,1.11680,1200000,1370000
2016-08-14 21:16:33.466000,1.11704,1.11678,1950000,1750000
2016-08-14 21:16:33.555000,1.11704,1.11680,1950000,1370000
2016-08-14 21:16:33.707000,1.11704,1.11680,1750000,1500000
2016-08-14 21:17:27.175000,1.11704,1.11680,1850000,1500000
2016-08-14 21:17:31.691000,1.11704,1.11680,1750000,1750000
2016-08-14 21:17:39.076000,1.11704,1.11680,1820000,1750000
2016-08-14 21:17:42.189000,1.11704,1.11680,1570000,1750000
2016-08-14 21:17:42.288000,1.11704,1.11682,1570000,1370000
2016-08-14 21:17:52.380000,1.11704,1.11682,1500000,1370000
2016-08-14 21:18:24.332000,1.11704,1.11682,1940000,1120000
2016-08-14 21:18:24.383000,1.11702,1.11679,1370000,1370000
2016-08-14 21:18:31.053000,1.11702,1.11679,1370000,1750000
2016-08-14 21:18:31.104000,1.11704,1.11681,1750000,1500000
2016-08-14 21:18:32.491000,1.11697,1.11676,1000000,1500000
2016-08-14 21:18:35.652000,1.11701,1.11681,1370000,1500000
2016-08-14 21:18:35.703000,1.11704,1.11681,2250000,1500000
2016-08-14 21:18:35.805000,1.11704,1.11681,1750000,1500000
2016-08-14 21:18:35.907000,1.11704,1.11681,2250000,1500000
2016-08-14 21:18:40.105000,1.11704,1.11681,1750000,1500000
2016-08-14 21:18:42.807000,1.11704,1.11681,2250000,1500000
2016-08-14 21:18:48.113000,1.11704,1.11681,1750000,1500000
2016-08-14 21:18:52.117000,1.11704,1.11681,2250000,1500000
2016-08-14 21:18:57.122000,1.11704,1.11681,1750000,1500000
2016-08-14 21:18:57.225000,1.11704,1.11681,2250000,1500000
2016-08-14 21:18:59.580000,1.11704,1.11681,1750000,1500000
2016-08-14 21:19:00.333000,1.11704,1.11681,2250000,1500000
2016-08-14 21:19:08.974000,1.11704,1.11681,1750000,1500000
2016-08-14 21:19:09.977000,1.11704,1.11681,2250000,1500000
2016-08-14 21:19:21.160000,1.11704,1.11681,1750000,1500000
2016-08-14 21:19:23.164000,1.11704,1.11681,2250000,1500000
2016-08-14 21:19:27.315000,1.11704,1.11681,1750000,1500000
2016-08-14 21:19:28.176000,1.11704,1.11681,2250000,1500000
2016-08-14 21:19:31.288000,1.11704,1.11681,1750000,1500000
2016-08-14 21:19:32.214000,1.11704,1.11681,2250000,1500000
2016-08-14 21:19:39.298000,1.11704,1.11681,1750000,1500000
2016-08-14 21:19:40.292000,1.11704,1.11678,3750000,1370000
2016-08-14 21:19:44.306000,1.11704,1.11678,3000000,1370000
2016-08-14 21:19:44.402000,1.11704,1.11678,3000000,1750000
2016-08-14 21:19:44.453000,1.11704,1.11678,3750000,1750000
2016-08-14 21:19:47.056000,1.11704,1.11678,2250000,1750000
2016-08-14 21:19:47.612000,1.11704,1.11680,1750000,1500000
2016-08-14 21:19:47.696000,1.11704,1.11678,1750000,1750000
2016-08-14 21:19:47.899000,1.11704,1.11678,1750000,1870000
2016-08-14 21:19:49.612000,1.11704,1.11680,1750000,1500000
2016-08-14 21:20:39.220000,1.11704,1.11680,1750000,1370000
2016-08-14 21:20:42.747000,1.11703,1.11680,1120000,1370000
2016-08-14 21:20:42.798000,1.11703,1.11680,1750000,1370000
2016-08-14 21:20:42.849000,1.11703,1.11680,1120000,1370000
2016-08-14 21:20:42.899000,1.11704,1.11680,1750000,1370000
2016-08-14 21:22:01.228000,1.11704,1.11678,1750000,1500000
2016-08-14 21:22:01.617000,1.11699,1.11675,1750000,2620000
2016-08-14 21:22:01.668000,1.11699,1.11675,1750000,1750000
2016-08-14 21:22:02.158000,1.11699,1.11675,1750000,1370000
2016-08-14 21:22:02.247000,1.11699,1.11674,1850000,3750000
2016-08-14 21:22:03.788000,1.11699,1.11674,2320000,3000000
2016-08-14 21:22:03.845000,1.11699,1.11674,2320000,1500000
2016-08-14 21:22:13.613000,1.11699,1.11674,1850000,1500000
2016-08-14 21:22:15.317000,1.11699,1.11674,2320000,1500000
2016-08-14 21:22:26.262000,1.11699,1.11674,2320000,1750000
2016-08-14 21:22:26.363000,1.11699,1.11676,2320000,1370000
2016-08-14 21:22:32.248000,1.11699,1.11676,2700000,1370000
2016-08-14 21:22:32.299000,1.11699,1.11676,3820000,1370000
2016-08-14 21:22:32.400000,1.11698,1.11672,3750000,1620000
2016-08-14 21:22:33.581000,1.11699,1.11672,5320000,1620000
2016-08-14 21:22:33.632000,1.11699,1.11672,6750000,1620000
2016-08-14 21:22:33.684000,1.11699,1.11673,3000000,1370000
2016-08-14 21:22:34.130000,1.11699,1.11673,3000000,1500000
2016-08-14 21:22:37.880000,1.11699,1.11673,3190000,1500000
2016-08-14 21:22:37.931000,1.11697,1.11673,1870000,2250000
2016-08-14 21:22:37.982000,1.11696,1.11673,2250000,1870000
2016-08-14 21:22:38.033000,1.11694,1.11673,1750000,1870000
2016-08-14 21:22:38.084000,1.11694,1.11673,1750000,1370000
2016-08-14 21:22:38.592000,1.11694,1.11673,1750000,1100000
2016-08-14 21:22:38.643000,1.11694,1.11673,1850000,1100000
2016-08-14 21:22:40.218000,1.11691,1.11673,1750000,1000000
2016-08-14 21:22:43.314000,1.11692,1.11673,3000000,1000000
2016-08-14 21:22:44.361000,1.11691,1.11673,1750000,1000000
2016-08-14 21:22:51.469000,1.11685,1.11673,1370000,1000000
2016-08-14 21:22:51.581000,1.11682,1.11671,3750000,1690000
2016-08-14 21:22:53.600000,1.11682,1.11671,3370000,1690000
2016-08-14 21:22:54.073000,1.11682,1.11671,3750000,1690000
2016-08-14 21:23:05.438000,1.11682,1.11671,3750000,1250000
2016-08-14 21:23:05.489000,1.11682,1.11671,3750000,1000000
2016-08-14 21:23:05.540000,1.11680,1.11670,3750000,1690000
2016-08-14 21:23:05.871000,1.11678,1.11670,3750000,1250000
2016-08-14 21:23:05.922000,1.11678,1.11670,3750000,1690000
2016-08-14 21:23:07.795000,1.11678,1.11670,3750000,1250000
2016-08-14 21:23:08.391000,1.11678,1.11670,3370000,1690000
2016-08-14 21:23:22.392000,1.11678,1.11670,3370000,1250000
2016-08-14 21:23:23.281000,1.11678,1.11670,3370000,1690000
2016-08-14 21:23:26.480000,1.11678,1.11670,3370000,1500000
2016-08-14 21:23:27.246000,1.11678,1.11670,3370000,1000000
2016-08-14 21:23:27.340000,1.11678,1.11670,3370000,1500000
2016-08-14 21:23:35.291000,1.11678,1.11670,3370000,1000000
2016-08-14 21:23:35.890000,1.11678,1.11670,3370000,1500000
2016-08-14 21:23:40.097000,1.11678,1.11670,3370000,1000000
2016-08-14 21:23:40.148000,1.11679,1.11669,3750000,1690000
2016-08-14 21:23:40.799000,1.11678,1.11669,1370000,1250000
2016-08-14 21:23:40.851000,1.11677,1.11669,2620000,1250000
2016-08-14 21:23:40.902000,1.11677,1.11669,3000000,1250000
2016-08-14 21:23:40.953000,1.11675,1.11669,1500000,1250000
2016-08-14 21:23:41.004000,1.11672,1.11669,1400000,1250000
2016-08-14 21:23:41.055000,1.11668,1.11664,1300000,1000000
2016-08-14 21:23:41.155000,1.11673,1.11668,1500000,1500000
2016-08-14 21:23:41.357000,1.11679,1.11668,1820000,1500000
2016-08-14 21:23:41.408000,1.11679,1.11668,2320000,1500000
2016-08-14 21:23:41.691000,1.11676,1.11668,1490000,1500000
2016-08-14 21:23:42.329000,1.11676,1.11668,1500000,1500000
2016-08-14 21:23:46.661000,1.11676,1.11668,1370000,1500000
2016-08-14 21:23:46.736000,1.11676,1.11668,1870000,1500000
2016-08-14 21:23:46.787000,1.11676,1.11668,1950000,1500000
2016-08-14 21:23:46.838000,1.11672,1.11668,1100000,1500000
2016-08-14 21:23:46.889000,1.11670,1.11667,1100000,1000000
2016-08-14 21:23:46.941000,1.11673,1.11668,1370000,1500000
2016-08-14 21:23:47.043000,1.11677,1.11668,1200000,1500000
2016-08-14 21:23:47.294000,1.11676,1.11668,1570000,1500000
2016-08-14 21:23:51.468000,1.11673,1.11667,1470000,1690000
2016-08-14 21:23:51.519000,1.11670,1.11667,1120000,1690000
2016-08-14 21:23:51.570000,1.11670,1.11655,1820000,1120000
2016-08-14 21:23:51.621000,1.11670,1.11655,2320000,1000000
2016-08-14 21:23:51.723000,1.11669,1.11655,1820000,1000000
2016-08-14 21:23:51.774000,1.11669,1.11655,1750000,2620000
2016-08-14 21:23:51.825000,1.11673,1.11665,3250000,1000000
2016-08-14 21:23:51.876000,1.11673,1.11668,1000000,1500000
2016-08-14 21:23:51.927000,1.11677,1.11668,3070000,1500000
2016-08-14 21:23:52.790000,1.11676,1.11669,1570000,1250000
2016-08-14 21:23:52.841000,1.11673,1.11669,1370000,1250000
2016-08-14 21:23:52.892000,1.11670,1.11664,1500000,1000000
2016-08-14 21:23:53.045000,1.11670,1.11665,1500000,1500000
2016-08-14 21:23:53.095000,1.11676,1.11665,1750000,1500000
2016-08-14 21:23:53.146000,1.11676,1.11667,1120000,1000000
2016-08-14 21:23:53.197000,1.11681,1.11671,1940000,1000000
2016-08-14 21:23:53.248000,1.11683,1.11671,1870000,1690000
2016-08-14 21:23:53.299000,1.11683,1.11671,1870000,1250000
2016-08-14 21:23:53.351000,1.11682,1.11670,1500000,2440000
2016-08-14 21:23:53.402000,1.11682,1.11672,1500000,1000000
2016-08-14 21:23:53.453000,1.11690,1.11672,1120000,1500000
2016-08-14 21:23:53.504000,1.11695,1.11672,1750000,1500000
2016-08-14 21:23:53.555000,1.11696,1.11672,1370000,1370000
2016-08-14 21:23:53.607000,1.11696,1.11672,1000000,1370000
2016-08-14 21:23:56.012000,1.11696,1.11671,1000000,1620000
2016-08-14 21:24:02.017000,1.11696,1.11669,1000000,2810000
2016-08-14 21:24:03.651000,1.11696,1.11669,1370000,2810000
2016-08-14 21:24:03.703000,1.11687,1.11672,1120000,1000000
2016-08-14 21:24:03.805000,1.11687,1.11671,1750000,1250000
2016-08-14 21:24:03.907000,1.11685,1.11672,3750000,1000000
2016-08-14 21:24:03.958000,1.11684,1.11672,1750000,1000000
2016-08-14 21:24:04.036000,1.11683,1.11669,3750000,1690000
2016-08-14 21:24:04.087000,1.11683,1.11672,3750000,1000000
2016-08-14 21:24:06.547000,1.11683,1.11672,3370000,1000000
2016-08-14 21:24:10.805000,1.11685,1.11669,3750000,1690000
2016-08-14 21:24:13.588000,1.11683,1.11669,2060000,1690000
2016-08-14 21:24:13.639000,1.11679,1.11669,1100000,1250000
2016-08-14 21:24:13.691000,1.11679,1.11668,1370000,1690000
2016-08-14 21:24:13.894000,1.11679,1.11668,1870000,1690000
2016-08-14 21:24:14.324000,1.11679,1.11668,4120000,1690000
2016-08-14 21:24:16.417000,1.11679,1.11670,3370000,1000000
2016-08-14 21:24:16.468000,1.11679,1.11670,3000000,1190000
2016-08-14 21:24:16.519000,1.11682,1.11670,1870000,1190000
2016-08-14 21:24:16.570000,1.11682,1.11670,1870000,1690000
2016-08-14 21:24:16.620000,1.11687,1.11671,1750000,1250000
2016-08-14 21:24:16.868000,1.11687,1.11671,1500000,1250000
2016-08-14 21:24:20.769000,1.11689,1.11671,3820000,1250000
2016-08-14 21:24:20.820000,1.11690,1.11671,6070000,1250000
2016-08-14 21:24:20.972000,1.11690,1.11671,6070000,1310000
2016-08-14 21:24:23.181000,1.11690,1.11671,6000000,1310000
2016-08-14 21:24:23.291000,1.11690,1.11671,5250000,1310000
2016-08-14 21:24:23.393000,1.11690,1.11671,3000000,1310000
2016-08-14 21:24:29.937000,1.11690,1.11671,2250000,1310000
2016-08-14 21:24:31.672000,1.11690,1.11671,1750000,1310000
2016-08-14 21:24:31.722000,1.11691,1.11671,2250000,1310000
2016-08-14 21:24:33.205000,1.11690,1.11671,2250000,1310000
2016-08-14 21:24:37.196000,1.11690,1.11671,1750000,1310000
2016-08-14 21:24:38.002000,1.11691,1.11671,2250000,1310000
2016-08-14 21:24:38.509000,1.11690,1.11671,2250000,1310000
2016-08-14 21:24:40.250000,1.11690,1.11669,2250000,1560000
2016-08-14 21:24:49.219000,1.11690,1.11670,2250000,1560000
2016-08-14 21:24:50.013000,1.11690,1.11671,2250000,1620000
2016-08-14 21:25:11.781000,1.11690,1.11671,1750000,1620000
2016-08-14 21:25:12.957000,1.11690,1.11671,2250000,1620000
2016-08-14 21:25:15.780000,1.11692,1.11670,3010000,2060000
2016-08-14 21:25:18.168000,1.11692,1.11670,3010000,1560000
2016-08-14 21:25:18.369000,1.11692,1.11670,3010000,2060000
2016-08-14 21:25:25.335000,1.11692,1.11670,3000000,2060000
2016-08-14 21:25:25.467000,1.11692,1.11670,3010000,2060000
2016-08-14 21:25:30.190000,1.11692,1.11669,1760000,1560000
2016-08-14 21:25:30.631000,1.11693,1.11669,4960000,1560000
2016-08-14 21:25:30.682000,1.11690,1.11669,2250000,1560000
2016-08-14 21:25:34.182000,1.11690,1.11670,2250000,1620000
2016-08-14 21:25:34.232000,1.11690,1.11670,1750000,1620000
2016-08-14 21:25:35.111000,1.11690,1.11671,1750000,1120000
2016-08-14 21:25:35.707000,1.11690,1.11671,2250000,1120000
2016-08-14 21:25:38.337000,1.11690,1.11671,1750000,1120000
2016-08-14 21:25:39.240000,1.11690,1.11671,2250000,1120000
2016-08-14 21:25:41.499000,1.11690,1.11671,2250000,1310000
2016-08-14 21:25:42.488000,1.11690,1.11671,1750000,1310000
2016-08-14 21:25:43.674000,1.11690,1.11671,2250000,1310000
2016-08-14 21:25:44.210000,1.11690,1.11671,1750000,1310000
2016-08-14 21:25:45.177000,1.11690,1.11671,2250000,1310000
2016-08-14 21:25:45.426000,1.11690,1.11671,1750000,1310000
2016-08-14 21:25:46.192000,1.11690,1.11671,2250000,1310000
2016-08-14 21:25:47.171000,1.11690,1.11671,1750000,1310000
2016-08-14 21:25:47.727000,1.11690,1.11671,2250000,1310000
2016-08-14 21:25:50.185000,1.11690,1.11669,2250000,1560000
2016-08-14 21:25:51.685000,1.11690,1.11669,1750000,1560000
2016-08-14 21:25:51.736000,1.11691,1.11669,2250000,1560000
2016-08-14 21:25:52.232000,1.11690,1.11669,1750000,1560000
2016-08-14 21:25:52.387000,1.11692,1.11669,2260000,1690000
2016-08-14 21:25:52.489000,1.11692,1.11670,2260000,1560000
2016-08-14 21:25:53.409000,1.11692,1.11670,2260000,2060000
2016-08-14 21:25:54.213000,1.11692,1.11670,2260000,1560000
2016-08-14 21:25:55.729000,1.11692,1.11670,2260000,2060000
2016-08-14 21:25:56.479000,1.11692,1.11671,3010000,1620000
2016-08-14 21:26:02.026000,1.11692,1.11671,2260000,1620000
2016-08-14 21:26:03.934000,1.11692,1.11671,1760000,1620000
2016-08-14 21:26:05.181000,1.11692,1.11671,2260000,1620000
2016-08-14 21:26:06.056000,1.11692,1.11671,1760000,1620000
2016-08-14 21:26:06.243000,1.11692,1.11671,2260000,1620000
2016-08-14 21:26:07.784000,1.11692,1.11671,1760000,1620000
2016-08-14 21:26:09.263000,1.11692,1.11671,2260000,1620000
2016-08-14 21:26:09.365000,1.11692,1.11671,3010000,1620000
2016-08-14 21:26:11.815000,1.11692,1.11671,3000000,1620000
2016-08-14 21:26:14.368000,1.11692,1.11671,2250000,1620000
2016-08-14 21:26:17.677000,1.11692,1.11671,2260000,1620000
2016-08-14 21:26:19.225000,1.11692,1.11671,2260000,2000000
2016-08-14 21:26:19.326000,1.11692,1.11672,2260000,1500000
2016-08-14 21:26:20.078000,1.11692,1.11672,1510000,1500000
2016-08-14 21:26:20.210000,1.11693,1.11672,3380000,1500000
2016-08-14 21:26:20.456000,1.11692,1.11672,1510000,1500000
2016-08-14 21:26:20.558000,1.11692,1.11672,1760000,1370000
2016-08-14 21:26:22.383000,1.11692,1.11672,2260000,1370000
2016-08-14 21:26:22.434000,1.11692,1.11669,2260000,2440000
2016-08-14 21:26:23.125000,1.11692,1.11671,3010000,1620000
2016-08-14 21:26:24.416000,1.11692,1.11671,3000000,1620000
2016-08-14 21:26:28.189000,1.11692,1.11671,1750000,1620000
2016-08-14 21:26:28.389000,1.11692,1.11671,3000000,1620000
2016-08-14 21:26:33.197000,1.11692,1.11671,1750000,1620000
2016-08-14 21:26:34.194000,1.11692,1.11671,3000000,1620000
2016-08-14 21:26:40.157000,1.11692,1.11669,2250000,1690000
2016-08-14 21:26:41.196000,1.11692,1.11669,2260000,1690000
2016-08-14 21:26:47.536000,1.11692,1.11669,2250000,1690000
2016-08-14 21:26:50.207000,1.11693,1.11669,3010000,1690000
2016-08-14 21:26:51.720000,1.11692,1.11669,2250000,1690000
2016-08-14 21:26:58.328000,1.11693,1.11669,3430000,1690000
2016-08-14 21:26:59.017000,1.11693,1.11669,3430000,1940000
2016-08-14 21:26:59.068000,1.11693,1.11669,4180000,2810000
2016-08-14 21:26:59.730000,1.11692,1.11669,2250000,2810000
2016-08-14 21:27:02.678000,1.11692,1.11669,2250000,2060000
2016-08-14 21:27:14.158000,1.11692,1.11669,2250000,1690000
2016-08-14 21:27:15.752000,1.11693,1.11669,3430000,1690000
2016-08-14 21:27:16.071000,1.11692,1.11671,1750000,1620000
2016-08-14 21:27:17.649000,1.11692,1.11671,3000000,1620000
2016-08-14 21:27:18.162000,1.11692,1.11671,1750000,1620000
2016-08-14 21:27:18.356000,1.11692,1.11671,3000000,1620000
2016-08-14 21:27:19.157000,1.11692,1.11671,1750000,1620000
2016-08-14 21:27:19.757000,1.11692,1.11671,3000000,1620000
2016-08-14 21:27:21.159000,1.11692,1.11671,1750000,1620000
2016-08-14 21:27:23.173000,1.11692,1.11671,3000000,1620000
2016-08-14 21:27:30.128000,1.11692,1.11669,2250000,1690000
2016-08-14 21:27:31.660000,1.11693,1.11669,3430000,1690000
2016-08-14 21:27:31.974000,1.11692,1.11669,2250000,1690000
2016-08-14 21:27:32.380000,1.11693,1.11671,1930000,2000000
2016-08-14 21:27:32.440000,1.11693,1.11673,1930000,1500000
2016-08-14 21:27:32.804000,1.11693,1.11673,1930000,1370000
2016-08-14 21:27:32.906000,1.11693,1.11671,1930000,1690000
2016-08-14 21:27:33.008000,1.11692,1.11671,1850000,2440000
2016-08-14 21:27:33.059000,1.11692,1.11671,1500000,2440000
2016-08-14 21:27:33.110000,1.11693,1.11672,1930000,1500000
2016-08-14 21:27:33.359000,1.11693,1.11672,1750000,1500000
2016-08-14 21:27:33.410000,1.11694,1.11675,1750000,1370000
2016-08-14 21:27:33.461000,1.11694,1.11675,1120000,1500000
2016-08-14 21:27:33.513000,1.11695,1.11675,1370000,1500000
2016-08-14 21:27:54.507000,1.11695,1.11675,1500000,1500000
2016-08-14 21:27:54.710000,1.11695,1.11675,1750000,1370000
2016-08-14 21:27:55.318000,1.11695,1.11674,1750000,1370000
2016-08-14 21:28:11.337000,1.11695,1.11671,1750000,3190000
2016-08-14 21:28:13.942000,1.11695,1.11672,1750000,1370000
2016-08-14 21:28:17.651000,1.11695,1.11674,1750000,1370000
2016-08-14 21:28:22.405000,1.11695,1.11674,1370000,1750000
2016-08-14 21:28:22.456000,1.11695,1.11676,1370000,1500000
2016-08-14 21:28:22.986000,1.11695,1.11676,1750000,1120000
2016-08-14 21:28:23.070000,1.11695,1.11673,1750000,1370000
2016-08-14 21:29:19.936000,1.11695,1.11673,1750000,1500000
2016-08-14 21:30:01.491000,1.11702,1.11677,2250000,1000000
2016-08-14 21:30:01.542000,1.11702,1.11677,1870000,1750000
2016-08-14 21:30:01.593000,1.11705,1.11680,4500000,1500000
2016-08-14 21:30:01.644000,1.11705,1.11680,4310000,1500000
2016-08-14 21:30:01.695000,1.11705,1.11680,4310000,1750000
2016-08-14 21:30:01.797000,1.11705,1.11682,2810000,1750000
2016-08-14 21:30:04.647000,1.11705,1.11682,1310000,1750000
2016-08-14 21:30:04.699000,1.11706,1.11682,3940000,1750000
2016-08-14 21:30:05.433000,1.11705,1.11682,2060000,1750000
2016-08-14 21:30:05.501000,1.11705,1.11682,2810000,1750000
2016-08-14 21:30:06.281000,1.11705,1.11682,2060000,1750000
2016-08-14 21:30:08.682000,1.11705,1.11682,2810000,1750000
2016-08-14 21:30:11.889000,1.11705,1.11682,2250000,1750000
2016-08-14 21:30:14.156000,1.11705,1.11682,1500000,1750000
2016-08-14 21:30:16.259000,1.11705,1.11682,2250000,1750000
2016-08-14 21:30:18.103000,1.11705,1.11682,1500000,1750000
2016-08-14 21:30:18.401000,1.11705,1.11682,2250000,1750000
2016-08-14 21:30:18.709000,1.11705,1.11682,1500000,1750000
2016-08-14 21:30:19.140000,1.11705,1.11682,1000000,1750000
2016-08-14 21:30:19.211000,1.11708,1.11683,1000000,1500000
2016-08-14 21:30:19.554000,1.11708,1.11683,1250000,1500000
2016-08-14 21:30:19.656000,1.11708,1.11683,1690000,1500000
2016-08-14 21:30:19.707000,1.11708,1.11681,1690000,1000000
2016-08-14 21:30:19.810000,1.11708,1.11681,2440000,1000000
2016-08-14 21:30:20.060000,1.11708,1.11681,1690000,1000000
2016-08-14 21:30:20.146000,1.11708,1.11683,1250000,1500000
2016-08-14 21:30:20.421000,1.11709,1.11683,2510000,1500000
2016-08-14 21:30:20.663000,1.11708,1.11683,1250000,1500000
2016-08-14 21:30:25.571000,1.11709,1.11683,1390000,1500000
2016-08-14 21:30:25.867000,1.11708,1.11683,1250000,1500000
2016-08-14 21:30:26.630000,1.11708,1.11681,1310000,1750000
2016-08-14 21:30:26.681000,1.11708,1.11681,1690000,1750000
2016-08-14 21:30:26.732000,1.11708,1.11680,1690000,1000000
2016-08-14 21:30:26.783000,1.11707,1.11677,1000000,2320000
2016-08-14 21:30:26.834000,1.11707,1.11677,1560000,2320000
2016-08-14 21:30:26.886000,1.11705,1.11677,2440000,1100000
2016-08-14 21:30:26.937000,1.11705,1.11677,2810000,1100000
2016-08-14 21:30:27.108000,1.11706,1.11680,1690000,1000000
2016-08-14 21:30:27.626000,1.11708,1.11683,1000000,1500000
2016-08-14 21:30:36.027000,1.11709,1.11683,2320000,1500000
2016-08-14 21:30:36.185000,1.11708,1.11683,1000000,1500000
2016-08-14 21:30:46.804000,1.11709,1.11683,1570000,1500000
2016-08-14 21:30:47.008000,1.11708,1.11683,1000000,1500000
2016-08-14 21:30:47.657000,1.11709,1.11683,1570000,1500000
2016-08-14 21:30:48.516000,1.11708,1.11683,1000000,1500000
2016-08-14 21:30:52.584000,1.11708,1.11683,1000000,2250000
2016-08-14 21:30:52.635000,1.11709,1.11684,1100000,1870000
2016-08-14 21:30:52.768000,1.11710,1.11684,2620000,2620000
2016-08-14 21:30:52.857000,1.11710,1.11684,1870000,2620000
2016-08-14 21:30:52.908000,1.11710,1.11684,1500000,2620000
2016-08-14 21:30:52.960000,1.11710,1.11684,2250000,2620000
2016-08-14 21:30:55.657000,1.11710,1.11684,1500000,2620000
2016-08-14 21:30:55.774000,1.11710,1.11684,2250000,2620000
2016-08-14 21:30:56.049000,1.11710,1.11684,2320000,2620000
2016-08-14 21:30:56.101000,1.11710,1.11684,2320000,1870000
2016-08-14 21:30:57.026000,1.11710,1.11684,1570000,1870000
2016-08-14 21:30:57.135000,1.11710,1.11684,2320000,1870000
2016-08-14 21:31:00.633000,1.11710,1.11684,1570000,1870000
2016-08-14 21:31:01.543000,1.11710,1.11684,2320000,1870000
2016-08-14 21:31:01.746000,1.11710,1.11684,2320000,1500000
2016-08-14 21:31:02.256000,1.11710,1.11684,1570000,1500000
2016-08-14 21:31:02.336000,1.11710,1.11684,1100000,1500000
2016-08-14 21:31:02.387000,1.11710,1.11684,1570000,1500000
2016-08-14 21:31:02.438000,1.11710,1.11684,2320000,1500000
2016-08-14 21:31:02.539000,1.11710,1.11684,1570000,1500000
2016-08-14 21:31:02.590000,1.11712,1.11684,5250000,1500000
2016-08-14 21:31:09.460000,1.11712,1.11684,4500000,1500000
2016-08-14 21:31:12.201000,1.11712,1.11684,5250000,1500000
2016-08-14 21:31:17.506000,1.11712,1.11684,4500000,1500000
2016-08-14 21:31:18.262000,1.11712,1.11684,5250000,1500000
2016-08-14 21:31:18.424000,1.11712,1.11684,5620000,1500000
2016-08-14 21:31:18.475000,1.11712,1.11684,5250000,1500000
2016-08-14 21:31:27.808000,1.11712,1.11684,4500000,1500000
2016-08-14 21:31:28.680000,1.11712,1.11684,5250000,1500000
2016-08-14 21:31:31.631000,1.11712,1.11684,4500000,1500000
2016-08-14 21:31:32.090000,1.11712,1.11684,5250000,1500000
2016-08-14 21:31:38.456000,1.11712,1.11684,4870000,1500000
2016-08-14 21:31:43.438000,1.11712,1.11684,4120000,1500000
2016-08-14 21:31:43.507000,1.11712,1.11684,4870000,1500000
2016-08-14 21:31:53.543000,1.11712,1.11684,4120000,1500000
2016-08-14 21:31:54.465000,1.11713,1.11683,5810000,2320000
2016-08-14 21:31:54.538000,1.11713,1.11683,5810000,2250000
2016-08-14 21:31:54.625000,1.11712,1.11683,1370000,2250000
2016-08-14 21:31:55.826000,1.11712,1.11683,1370000,2320000
2016-08-14 21:31:56.081000,1.11712,1.11683,1370000,2620000
2016-08-14 21:31:56.516000,1.11712,1.11684,4870000,1570000
2016-08-14 21:31:56.567000,1.11712,1.11684,4120000,1570000
2016-08-14 21:31:56.631000,1.11712,1.11684,4870000,1570000
2016-08-14 21:31:57.010000,1.11712,1.11684,4870000,2320000
2016-08-14 21:31:57.394000,1.11712,1.11684,4870000,2620000
2016-08-14 21:31:57.496000,1.11712,1.11684,4870000,2250000
2016-08-14 21:31:57.597000,1.11711,1.11684,1120000,2620000
2016-08-14 21:31:57.648000,1.11711,1.11684,1120000,1870000
2016-08-14 21:31:57.834000,1.11712,1.11684,4870000,1870000
2016-08-14 21:31:58.486000,1.11712,1.11684,5250000,1870000
2016-08-14 21:31:58.537000,1.11712,1.11684,5620000,1870000
2016-08-14 21:32:01.571000,1.11710,1.11684,3260000,1870000
2016-08-14 21:32:01.723000,1.11705,1.11684,1000000,1870000
2016-08-14 21:32:01.774000,1.11705,1.11684,2000000,1870000
2016-08-14 21:32:01.927000,1.11704,1.11683,1750000,2250000
2016-08-14 21:32:01.978000,1.11704,1.11683,1940000,2250000
2016-08-14 21:32:02.028000,1.11704,1.11683,1940000,1870000
2016-08-14 21:32:02.130000,1.11701,1.11684,1500000,1870000
2016-08-14 21:32:02.193000,1.11701,1.11684,1690000,1870000
2016-08-14 21:32:02.244000,1.11701,1.11684,2440000,2250000
2016-08-14 21:32:02.345000,1.11701,1.11684,2250000,2250000
2016-08-14 21:32:02.842000,1.11701,1.11684,2320000,2250000
2016-08-14 21:32:03.724000,1.11698,1.11684,2250000,1500000
2016-08-14 21:32:03.830000,1.11701,1.11684,3750000,1500000
2016-08-14 21:32:03.881000,1.11701,1.11684,4690000,1500000
2016-08-14 21:32:03.932000,1.11701,1.11684,3190000,1500000
2016-08-14 21:32:04.034000,1.11701,1.11684,3260000,1500000
2016-08-14 21:32:11.236000,1.11701,1.11684,4500000,2250000
2016-08-14 21:32:11.338000,1.11701,1.11684,2250000,1500000
2016-08-14 21:32:11.440000,1.11701,1.11684,2320000,1500000
2016-08-14 21:32:11.810000,1.11701,1.11684,2250000,1500000
2016-08-14 21:32:12.310000,1.11701,1.11684,2320000,1500000
2016-08-14 21:32:14.276000,1.11700,1.11684,2000000,1500000
2016-08-14 21:32:21.871000,1.11701,1.11684,3260000,1500000
2016-08-14 21:32:22.052000,1.11701,1.11684,3190000,1500000
2016-08-14 21:32:26.423000,1.11701,1.11684,3260000,1500000
2016-08-14 21:32:31.418000,1.11701,1.11684,3190000,1500000
2016-08-14 21:32:36.175000,1.11701,1.11684,3260000,1500000
2016-08-14 21:32:39.756000,1.11700,1.11684,2000000,1500000
2016-08-14 21:32:39.858000,1.11701,1.11684,4010000,1500000
2016-08-14 21:32:40.550000,1.11701,1.11684,3940000,1500000
2016-08-14 21:32:41.180000,1.11701,1.11684,4010000,1500000
2016-08-14 21:32:45.839000,1.11701,1.11684,3940000,1500000
2016-08-14 21:32:47.341000,1.11701,1.11684,4010000,1500000
2016-08-14 21:32:49.702000,1.11701,1.11684,2510000,1500000
2016-08-14 21:32:49.753000,1.11701,1.11684,2440000,1500000
2016-08-14 21:32:49.805000,1.11701,1.11684,1940000,1500000
2016-08-14 21:32:49.856000,1.11701,1.11684,1000000,1870000
2016-08-14 21:32:49.907000,1.11704,1.11684,1120000,2620000
2016-08-14 21:32:49.958000,1.11704,1.11684,1750000,2620000
2016-08-14 21:32:53.161000,1.11704,1.11684,2000000,2620000
2016-08-14 21:32:53.212000,1.11704,1.11684,2000000,1870000
2016-08-14 21:32:53.263000,1.11704,1.11684,1500000,2250000
2016-08-14 21:33:03.372000,1.11704,1.11684,1750000,1870000
2016-08-14 21:33:03.423000,1.11704,1.11684,1750000,2620000
2016-08-14 21:33:09.817000,1.11704,1.11684,1750000,1870000
2016-08-14 21:33:11.647000,1.11704,1.11684,2000000,1870000
2016-08-14 21:33:22.825000,1.11704,1.11684,1750000,1870000
2016-08-14 21:33:38.370000,1.11704,1.11684,1750000,2620000
2016-08-14 21:33:42.274000,1.11704,1.11684,1820000,2620000
2016-08-14 21:33:42.356000,1.11701,1.11684,1500000,1870000
2016-08-14 21:33:42.407000,1.11701,1.11684,1690000,1870000
2016-08-14 21:33:42.458000,1.11702,1.11683,1010000,1870000
2016-08-14 21:33:42.560000,1.11701,1.11684,1690000,1570000
2016-08-14 21:33:43.455000,1.11701,1.11684,1690000,2320000
2016-08-14 21:33:47.160000,1.11701,1.11684,1690000,1570000
2016-08-14 21:33:58.380000,1.11701,1.11684,2000000,2250000
2016-08-14 21:34:00.180000,1.11701,1.11684,2000000,1500000
2016-08-14 21:34:24.294000,1.11701,1.11684,2000000,2250000
2016-08-14 21:34:30.945000,1.11701,1.11684,2000000,1500000
2016-08-14 21:34:38.094000,1.11697,1.11684,1870000,1500000
2016-08-14 21:34:38.299000,1.11697,1.11684,2250000,1500000
2016-08-14 21:34:45.652000,1.11697,1.11684,1750000,2250000
2016-08-14 21:34:45.703000,1.11697,1.11684,1370000,2250000
2016-08-14 21:34:45.755000,1.11697,1.11684,1870000,2250000
2016-08-14 21:34:45.806000,1.11697,1.11684,2250000,2250000
2016-08-14 21:34:47.282000,1.11696,1.11684,1870000,2250000
2016-08-14 21:34:47.333000,1.11694,1.11684,1620000,1500000
2016-08-14 21:34:47.473000,1.11694,1.11684,1690000,1500000
2016-08-14 21:34:47.524000,1.11693,1.11684,1370000,1500000
2016-08-14 21:34:47.575000,1.11693,1.11684,1500000,1500000
2016-08-14 21:34:52.824000,1.11695,1.11684,1940000,2250000
2016-08-14 21:34:55.139000,1.11689,1.11684,1120000,2250000
2016-08-14 21:34:58.872000,1.11691,1.11684,3370000,2250000
2016-08-14 21:34:58.923000,1.11692,1.11684,4120000,2250000
2016-08-14 21:34:58.974000,1.11693,1.11683,3750000,1500000
2016-08-14 21:34:59.056000,1.11692,1.11684,1570000,2250000
2016-08-14 21:34:59.107000,1.11692,1.11684,1870000,2250000
2016-08-14 21:34:59.158000,1.11697,1.11684,1750000,2250000
2016-08-14 21:34:59.260000,1.11697,1.11684,1820000,2250000
2016-08-14 21:34:59.438000,1.11697,1.11684,1750000,2250000
2016-08-14 21:34:59.539000,1.11697,1.11684,1750000,1500000
2016-08-14 21:35:18.383000,1.11697,1.11684,1750000,2250000
2016-08-14 21:35:26.057000,1.11697,1.11684,1370000,2250000
2016-08-14 21:35:26.387000,1.11698,1.11684,1380000,2320000
2016-08-14 21:35:26.591000,1.11698,1.11683,1380000,2620000
2016-08-14 21:35:26.794000,1.11698,1.11684,1380000,1100000
2016-08-14 21:35:26.895000,1.11697,1.11683,1370000,2620000
2016-08-14 21:35:26.946000,1.11697,1.11684,1500000,1000000
2016-08-14 21:35:27.149000,1.11697,1.11683,1500000,2250000
2016-08-14 21:35:34.001000,1.11697,1.11684,1500000,1000000
2016-08-14 21:35:34.052000,1.11697,1.11683,1500000,2250000
2016-08-14 21:35:34.154000,1.11697,1.11684,1500000,1000000
2016-08-14 21:35:39.196000,1.11697,1.11683,1500000,2250000
2016-08-14 21:35:48.193000,1.11697,1.11684,1500000,1000000
2016-08-14 21:35:48.295000,1.11697,1.11683,1500000,2250000
2016-08-14 21:35:48.397000,1.11697,1.11684,1500000,1000000
2016-08-14 21:35:52.196000,1.11697,1.11683,1500000,2250000
2016-08-14 21:36:41.116000,1.11697,1.11683,1750000,2250000
2016-08-14 21:36:45.472000,1.11697,1.11682,1750000,1000000
2016-08-14 21:36:46.975000,1.11697,1.11682,1750000,1500000
2016-08-14 21:36:49.217000,1.11697,1.11682,1750000,1000000
2016-08-14 21:36:51.871000,1.11697,1.11682,1750000,1500000
2016-08-14 21:36:54.165000,1.11697,1.11682,1750000,1000000
2016-08-14 21:37:04.531000,1.11697,1.11682,1500000,1100000
2016-08-14 21:37:19.507000,1.11697,1.11682,1750000,1000000
2016-08-14 21:37:31.344000,1.11697,1.11682,1760000,1000000
2016-08-14 21:37:38.395000,1.11697,1.11682,2040000,1000000
2016-08-14 21:38:03.226000,1.11697,1.11682,1850000,1000000
2016-08-14 21:38:09.367000,1.11697,1.11682,1840000,1000000
2016-08-14 21:38:11.665000,1.11697,1.11682,1850000,1000000
2016-08-14 21:38:12.612000,1.11697,1.11682,1840000,1000000
2016-08-14 21:38:13.820000,1.11697,1.11682,1830000,1000000
2016-08-14 21:38:18.224000,1.11697,1.11682,1820000,1000000
2016-08-14 21:38:18.275000,1.11697,1.11682,1750000,1000000
2016-08-14 21:38:18.326000,1.11697,1.11682,1500000,1100000
2016-08-14 21:38:25.466000,1.11697,1.11682,1750000,1000000
2016-08-14 21:38:50.380000,1.11697,1.11682,2000000,1000000
2016-08-14 21:38:50.431000,1.11697,1.11682,1760000,1000000
2016-08-14 21:39:09.188000,1.11697,1.11682,1850000,1000000
2016-08-14 21:39:09.391000,1.11697,1.11682,1850000,1500000
2016-08-14 21:39:18.432000,1.11697,1.11682,1750000,1500000
2016-08-14 21:39:20.486000,1.11697,1.11682,1370000,1870000
2016-08-14 21:39:20.588000,1.11697,1.11682,1500000,1570000
2016-08-14 21:39:22.478000,1.11697,1.11682,1370000,1870000
2016-08-14 21:40:00.157000,1.11697,1.11682,1370000,1120000
2016-08-14 21:40:09.044000,1.11697,1.11682,1370000,1870000
2016-08-14 21:40:09.988000,1.11700,1.11682,1470000,1870000
2016-08-14 21:40:10.141000,1.11700,1.11682,1470000,2620000
2016-08-14 21:40:10.192000,1.11700,1.11682,1370000,2620000
2016-08-14 21:40:10.243000,1.11700,1.11682,1370000,1870000
2016-08-14 21:40:10.344000,1.11700,1.11685,1000000,1120000
2016-08-14 21:40:10.395000,1.11704,1.11685,1000000,1120000
2016-08-14 21:40:10.446000,1.11704,1.11685,1000000,1500000
2016-08-14 21:40:10.548000,1.11704,1.11685,1000000,1370000
2016-08-14 21:40:10.650000,1.11705,1.11686,1870000,1370000
2016-08-14 21:40:10.701000,1.11705,1.11686,2250000,1370000
2016-08-14 21:40:10.752000,1.11705,1.11686,3000000,1370000
2016-08-14 21:40:10.803000,1.11705,1.11686,2250000,1370000
2016-08-14 21:40:10.905000,1.11705,1.11686,3000000,1370000
2016-08-14 21:40:11.231000,1.11704,1.11685,2000000,1370000
2016-08-14 21:40:11.315000,1.11701,1.11682,1940000,2320000
2016-08-14 21:40:11.366000,1.11698,1.11682,1750000,1570000
2016-08-14 21:40:11.416000,1.11698,1.11682,1750000,1500000
2016-08-14 21:40:11.467000,1.11697,1.11682,2000000,1500000
2016-08-14 21:40:11.569000,1.11697,1.11682,1750000,1500000
2016-08-14 21:40:16.522000,1.11697,1.11682,1750000,1000000
2016-08-14 21:40:16.632000,1.11697,1.11682,1500000,1000000
2016-08-14 21:40:26.883000,1.11696,1.11682,1370000,1000000
2016-08-14 21:41:11.825000,1.11696,1.11682,1500000,1000000
2016-08-14 21:41:56.960000,1.11696,1.11682,1570000,1000000
2016-08-14 21:41:57.012000,1.11696,1.11682,1820000,1000000
2016-08-14 21:41:57.506000,1.11696,1.11682,1570000,1000000
2016-08-14 21:43:00.186000,1.11696,1.11682,1500000,1000000
2016-08-14 21:43:18.172000,1.11696,1.11682,1570000,1000000
2016-08-14 21:43:18.327000,1.11696,1.11682,1820000,1000000
2016-08-14 21:43:57.432000,1.11696,1.11681,1820000,2250000
2016-08-14 21:43:58.286000,1.11696,1.11681,1820000,1500000
2016-08-14 21:43:58.337000,1.11696,1.11681,3070000,1500000
2016-08-14 21:43:58.438000,1.11696,1.11681,3820000,1500000
2016-08-14 21:44:08.048000,1.11696,1.11681,2320000,2250000
2016-08-14 21:44:18.366000,1.11696,1.11681,1820000,2250000
2016-08-14 21:44:24.059000,1.11696,1.11682,1820000,1000000
2016-08-14 21:44:58.518000,1.11696,1.11681,1820000,2250000
2016-08-14 21:45:23.929000,1.11696,1.11681,2320000,2250000
2016-08-14 21:45:25.569000,1.11696,1.11681,3070000,2250000
2016-08-14 21:45:29.718000,1.11696,1.11684,1870000,1000000
2016-08-14 21:45:29.769000,1.11696,1.11684,1120000,1120000
2016-08-14 21:45:29.821000,1.11700,1.11684,2250000,1120000
2016-08-14 21:45:29.872000,1.11700,1.11684,1870000,1370000
2016-08-14 21:45:29.924000,1.11700,1.11684,2620000,1370000
2016-08-14 21:45:29.976000,1.11700,1.11684,2620000,1870000
2016-08-14 21:45:30.274000,1.11700,1.11684,1870000,1370000
2016-08-14 21:45:30.676000,1.11700,1.11684,2620000,1870000
2016-08-14 21:45:31.223000,1.11700,1.11684,1870000,1870000
2016-08-14 21:45:31.425000,1.11700,1.11684,2620000,1870000
2016-08-14 21:45:32.254000,1.11700,1.11684,1870000,1870000
2016-08-14 21:45:32.480000,1.11700,1.11684,1370000,1370000
2016-08-14 21:45:32.725000,1.11700,1.11684,2620000,1870000
2016-08-14 21:45:35.449000,1.11700,1.11684,1870000,1870000
2016-08-14 21:45:35.951000,1.11700,1.11684,2620000,1870000
2016-08-14 21:45:36.617000,1.11700,1.11684,1870000,1120000
2016-08-14 21:45:36.689000,1.11700,1.11684,2620000,1120000
2016-08-14 21:45:37.464000,1.11700,1.11684,1870000,1120000
2016-08-14 21:45:37.774000,1.11700,1.11684,2620000,1120000
2016-08-14 21:45:39.247000,1.11700,1.11684,1870000,1120000
2016-08-14 21:45:39.747000,1.11700,1.11684,2620000,1120000
2016-08-14 21:45:41.413000,1.11700,1.11684,3370000,1120000
2016-08-14 21:45:41.501000,1.11700,1.11684,2620000,1120000
2016-08-14 21:45:41.733000,1.11700,1.11684,1870000,1120000
2016-08-14 21:45:42.017000,1.11700,1.11684,2620000,1120000
2016-08-14 21:45:42.076000,1.11700,1.11684,3370000,1120000
2016-08-14 21:45:42.554000,1.11700,1.11684,2620000,1120000
2016-08-14 21:45:42.736000,1.11700,1.11684,3370000,1120000
2016-08-14 21:45:43.505000,1.11700,1.11684,2620000,1120000
2016-08-14 21:45:43.766000,1.11700,1.11684,1870000,1120000
2016-08-14 21:45:43.827000,1.11700,1.11684,2620000,1120000
2016-08-14 21:45:43.878000,1.11700,1.11684,3370000,1120000
2016-08-14 21:45:44.709000,1.11700,1.11684,2620000,1120000
2016-08-14 21:45:45.030000,1.11700,1.11684,3370000,1120000
2016-08-14 21:45:45.259000,1.11700,1.11684,2620000,1120000
2016-08-14 21:45:46.255000,1.11700,1.11684,3370000,1120000
2016-08-14 21:45:46.367000,1.11700,1.11684,2620000,1120000
2016-08-14 21:45:46.562000,1.11700,1.11684,3370000,1120000
2016-08-14 21:45:46.912000,1.11700,1.11684,2620000,1120000
2016-08-14 21:45:47.014000,1.11700,1.11684,3370000,1120000
2016-08-14 21:45:47.132000,1.11700,1.11684,2620000,1120000
2016-08-14 21:45:47.234000,1.11700,1.11684,3370000,1120000
2016-08-14 21:45:47.780000,1.11700,1.11684,2620000,1120000
2016-08-14 21:45:48.014000,1.11700,1.11684,1870000,1120000
2016-08-14 21:45:48.065000,1.11700,1.11684,2620000,1120000
2016-08-14 21:45:48.221000,1.11700,1.11684,3370000,1120000
2016-08-14 21:45:48.766000,1.11700,1.11684,2620000,1120000
2016-08-14 21:45:49.216000,1.11700,1.11684,3370000,1120000
2016-08-14 21:45:49.516000,1.11700,1.11684,2620000,1120000
2016-08-14 21:45:49.758000,1.11700,1.11684,3370000,1120000
2016-08-14 21:45:50.369000,1.11700,1.11684,2620000,1120000
2016-08-14 21:45:50.568000,1.11700,1.11684,3370000,1120000
2016-08-14 21:45:50.670000,1.11700,1.11684,2620000,1120000
2016-08-14 21:45:50.969000,1.11700,1.11684,3370000,1120000
2016-08-14 21:45:51.872000,1.11700,1.11684,2250000,1120000
2016-08-14 21:45:51.923000,1.11700,1.11684,1500000,1120000
2016-08-14 21:45:51.974000,1.11700,1.11684,3000000,1120000
2016-08-14 21:45:52.025000,1.11700,1.11684,3750000,1120000
2016-08-14 21:45:52.076000,1.11699,1.11684,1370000,1120000
2016-08-14 21:45:54.312000,1.11699,1.11684,1500000,1100000
2016-08-14 21:46:00.681000,1.11699,1.11683,1500000,1120000
2016-08-14 21:46:14.459000,1.11700,1.11683,5250000,1120000
2016-08-14 21:46:14.611000,1.11700,1.11683,3750000,1120000
2016-08-14 21:46:14.854000,1.11700,1.11683,5250000,1120000
2016-08-14 21:46:14.956000,1.11700,1.11683,3750000,1120000
2016-08-14 21:46:15.056000,1.11700,1.11683,3000000,1120000
2016-08-14 21:46:15.108000,1.11700,1.11683,4500000,1120000
2016-08-14 21:46:15.359000,1.11700,1.11683,5250000,1120000
2016-08-14 21:46:16.276000,1.11700,1.11683,4500000,1120000
2016-08-14 21:46:16.327000,1.11700,1.11683,5250000,1120000
2016-08-14 21:46:16.656000,1.11700,1.11683,4500000,1120000
2016-08-14 21:46:16.863000,1.11700,1.11683,5250000,1120000
2016-08-14 21:46:18.267000,1.11700,1.11683,4500000,1120000
2016-08-14 21:46:18.368000,1.11700,1.11683,5250000,1120000
2016-08-14 21:46:18.622000,1.11700,1.11683,4500000,1120000
2016-08-14 21:46:19.071000,1.11700,1.11683,5250000,1120000
2016-08-14 21:46:20.431000,1.11700,1.11683,4500000,1120000
2016-08-14 21:46:20.482000,1.11700,1.11683,3750000,1120000
2016-08-14 21:46:21.646000,1.11700,1.11683,3000000,1120000
2016-08-14 21:46:21.972000,1.11700,1.11683,3750000,1120000
2016-08-14 21:46:24.176000,1.11700,1.11683,3000000,1120000
2016-08-14 21:46:24.747000,1.11700,1.11683,3750000,1120000
2016-08-14 21:46:24.980000,1.11697,1.11683,1370000,1120000
2016-08-14 21:46:25.031000,1.11697,1.11683,1370000,1100000
2016-08-14 21:46:25.134000,1.11697,1.11682,1750000,1500000
2016-08-14 21:46:25.242000,1.11697,1.11682,1500000,1570000
2016-08-14 21:46:26.083000,1.11697,1.11682,1690000,1570000
2016-08-14 21:46:26.235000,1.11697,1.11682,2000000,1500000
2016-08-14 21:46:26.498000,1.11697,1.11682,1690000,1500000
2016-08-14 21:46:26.765000,1.11697,1.11682,1690000,1570000
2016-08-14 21:46:26.968000,1.11697,1.11682,2000000,1500000
2016-08-14 21:46:32.245000,1.11697,1.11682,1500000,1570000
2016-08-14 21:46:36.668000,1.11697,1.11682,1370000,1870000
2016-08-14 21:46:37.006000,1.11697,1.11682,1500000,1570000
2016-08-14 21:46:38.579000,1.11697,1.11682,1370000,1870000
2016-08-14 21:46:39.520000,1.11699,1.11682,1750000,1570000
2016-08-14 21:46:39.708000,1.11699,1.11682,1750000,2320000
2016-08-14 21:46:39.758000,1.11699,1.11682,1500000,2620000
2016-08-14 21:46:39.911000,1.11696,1.11682,1370000,1870000
2016-08-14 21:46:40.012000,1.11700,1.11682,3750000,1370000
2016-08-14 21:46:40.402000,1.11697,1.11682,1500000,1570000
2016-08-14 21:46:40.709000,1.11698,1.11682,1750000,1570000
2016-08-14 21:46:40.760000,1.11698,1.11682,1690000,1870000
2016-08-14 21:46:41.811000,1.11698,1.11682,1370000,1870000
2016-08-14 21:46:42.116000,1.11696,1.11682,1370000,1870000
2016-08-14 21:46:42.194000,1.11696,1.11682,1370000,1570000
2016-08-14 21:46:42.467000,1.11697,1.11682,1500000,1570000
2016-08-14 21:46:42.713000,1.11697,1.11682,1370000,1870000
2016-08-14 21:46:42.839000,1.11697,1.11682,1500000,1570000
2016-08-14 21:46:42.940000,1.11697,1.11682,1370000,1870000
2016-08-14 21:46:43.043000,1.11697,1.11682,2000000,1500000
2016-08-14 21:46:43.144000,1.11697,1.11682,1370000,1870000
2016-08-14 21:46:43.926000,1.11698,1.11682,1560000,1870000
2016-08-14 21:46:44.029000,1.11696,1.11682,1500000,1500000
2016-08-14 21:46:44.820000,1.11698,1.11682,1370000,1870000
2016-08-14 21:46:45.123000,1.11698,1.11682,1500000,1870000
2016-08-14 21:46:46.120000,1.11698,1.11682,1370000,1870000
2016-08-14 21:46:46.681000,1.11697,1.11682,1500000,1570000
2016-08-14 21:46:47.023000,1.11697,1.11682,1370000,1870000
2016-08-14 21:46:47.309000,1.11697,1.11682,1500000,1570000
2016-08-14 21:46:47.411000,1.11699,1.11682,1750000,1570000
2016-08-14 21:46:47.462000,1.11699,1.11682,1500000,1870000
2016-08-14 21:46:47.646000,1.11699,1.11682,1750000,1870000
2016-08-14 21:46:47.748000,1.11697,1.11682,1370000,1870000
2016-08-14 21:46:48.429000,1.11697,1.11682,1370000,1500000
2016-08-14 21:46:49.300000,1.11697,1.11682,1370000,1870000
2016-08-14 21:46:49.669000,1.11697,1.11682,1500000,1570000
2016-08-14 21:46:50.095000,1.11697,1.11682,1370000,1870000
2016-08-14 21:46:52.830000,1.11697,1.11682,1750000,1500000
2016-08-14 21:46:53.036000,1.11697,1.11682,1370000,1870000
2016-08-14 21:46:54.761000,1.11697,1.11683,1370000,1100000
2016-08-14 21:46:54.812000,1.11699,1.11683,1370000,1100000
2016-08-14 21:46:55.780000,1.11699,1.11683,1750000,1100000
2016-08-14 21:46:55.831000,1.11697,1.11683,1370000,1100000
2016-08-14 21:46:56.035000,1.11697,1.11683,1370000,1120000
2016-08-14 21:46:56.238000,1.11697,1.11683,1500000,1000000
2016-08-14 21:46:56.343000,1.11697,1.11683,1370000,1120000
2016-08-14 21:46:56.594000,1.11697,1.11683,1500000,1000000
2016-08-14 21:46:58.016000,1.11697,1.11683,1370000,1100000
2016-08-14 21:47:24.320000,1.11697,1.11682,1370000,1870000
2016-08-14 21:47:53.265000,1.11696,1.11682,1500000,1000000
2016-08-14 21:48:01.393000,1.11696,1.11682,1500000,1500000
2016-08-14 21:48:04.135000,1.11696,1.11682,1750000,1500000
2016-08-14 21:48:04.324000,1.11696,1.11682,3000000,1000000
2016-08-14 21:48:04.375000,1.11696,1.11682,3820000,1000000
2016-08-14 21:48:04.426000,1.11694,1.11682,1010000,1000000
2016-08-14 21:48:05.015000,1.11696,1.11682,2440000,1000000
2016-08-14 21:48:05.066000,1.11696,1.11682,1940000,1000000
2016-08-14 21:48:05.117000,1.11696,1.11682,1750000,1000000
2016-08-14 21:48:11.797000,1.11696,1.11682,1500000,1000000
2016-08-14 21:48:12.724000,1.11696,1.11682,1750000,1000000
2016-08-14 21:48:14.895000,1.11696,1.11682,1940000,1000000
2016-08-14 21:48:14.997000,1.11696,1.11682,1500000,1000000
2016-08-14 21:48:15.098000,1.11696,1.11682,1570000,1000000
2016-08-14 21:48:15.234000,1.11696,1.11682,1850000,1000000
2016-08-14 21:48:18.985000,1.11696,1.11682,1750000,1000000
2016-08-14 21:48:38.702000,1.11696,1.11682,1820000,1000000
2016-08-14 21:48:38.753000,1.11695,1.11682,1010000,1000000
2016-08-14 21:48:56.149000,1.11696,1.11682,1820000,1000000
2016-08-14 21:48:56.207000,1.11696,1.11682,1750000,1000000
2016-08-14 21:48:58.592000,1.11696,1.11682,1500000,1000000
2016-08-14 21:48:59.118000,1.11696,1.11682,1750000,1000000
2016-08-14 21:49:11.440000,1.11695,1.11682,2250000,1000000
2016-08-14 21:49:19.277000,1.11695,1.11682,2250000,1500000
2016-08-14 21:49:19.339000,1.11696,1.11682,1750000,1500000
2016-08-14 21:49:20.096000,1.11696,1.11682,1940000,1000000
2016-08-14 21:49:20.242000,1.11693,1.11682,2250000,1000000
2016-08-14 21:49:20.643000,1.11694,1.11682,2000000,1000000
2016-08-14 21:49:20.720000,1.11696,1.11682,1500000,1000000
2016-08-14 21:49:20.773000,1.11696,1.11682,1750000,1000000
2016-08-14 21:49:33.726000,1.11696,1.11682,2250000,1000000
2016-08-14 21:49:33.777000,1.11696,1.11682,2440000,1000000
2016-08-14 21:49:34.315000,1.11695,1.11682,1010000,1000000
2016-08-14 21:49:34.824000,1.11694,1.11682,1010000,1000000
2016-08-14 21:49:36.516000,1.11696,1.11682,3000000,1000000
2016-08-14 21:49:36.636000,1.11696,1.11682,1750000,1000000
2016-08-14 21:49:40.183000,1.11696,1.11682,2250000,1000000
2016-08-14 21:49:40.234000,1.11696,1.11682,3940000,1000000
2016-08-14 21:49:40.335000,1.11696,1.11681,1940000,1000000
2016-08-14 21:49:45.090000,1.11697,1.11681,5510000,1000000
2016-08-14 21:49:45.770000,1.11694,1.11682,1010000,1000000
2016-08-14 21:49:45.872000,1.11694,1.11682,2070000,1000000
2016-08-14 21:49:49.565000,1.11694,1.11682,1010000,1000000
2016-08-14 21:50:00.463000,1.11696,1.11682,5440000,1000000
2016-08-14 21:50:00.573000,1.11696,1.11682,4690000,1000000
2016-08-14 21:50:15.933000,1.11696,1.11682,3940000,1000000
2016-08-14 21:50:17.212000,1.11696,1.11682,3190000,1000000
2016-08-14 21:50:18.563000,1.11696,1.11682,3940000,1000000
2016-08-14 21:50:26.523000,1.11696,1.11682,3190000,1000000
2016-08-14 21:50:30.375000,1.11696,1.11682,3940000,1000000
2016-08-14 21:50:39.850000,1.11696,1.11682,3190000,1000000
2016-08-14 21:50:39.901000,1.11696,1.11682,3940000,1000000
2016-08-14 21:50:54.305000,1.11696,1.11682,3940000,1040000
2016-08-14 21:51:00.257000,1.11696,1.11682,2250000,1040000
2016-08-14 21:51:05.542000,1.11696,1.11682,2250000,1000000
2016-08-14 21:51:05.593000,1.11696,1.11682,3750000,1000000
2016-08-14 21:51:05.644000,1.11696,1.11682,3750000,1030000
2016-08-14 21:51:05.842000,1.11696,1.11682,3750000,1000000
2016-08-14 21:51:05.899000,1.11696,1.11682,1570000,1030000
2016-08-14 21:51:05.950000,1.11696,1.11682,1850000,1030000
2016-08-14 21:51:06.102000,1.11696,1.11682,1750000,1000000
2016-08-14 21:51:06.387000,1.11696,1.11682,1850000,1020000
2016-08-14 21:51:06.489000,1.11696,1.11682,1750000,1000000
2016-08-14 21:51:06.540000,1.11696,1.11682,1850000,1020000
2016-08-14 21:51:07.841000,1.11696,1.11682,1750000,1020000
2016-08-14 21:51:08.625000,1.11696,1.11682,3000000,1020000
2016-08-14 21:51:08.778000,1.11696,1.11682,1750000,1020000
2016-08-14 21:51:09.082000,1.11696,1.11682,3000000,1020000
2016-08-14 21:51:10.092000,1.11696,1.11682,2250000,1020000
2016-08-14 21:51:10.209000,1.11696,1.11682,3820000,1020000
2016-08-14 21:51:10.362000,1.11696,1.11682,3070000,1020000
2016-08-14 21:51:10.515000,1.11696,1.11682,3000000,1020000
2016-08-14 21:51:11.032000,1.11696,1.11682,1750000,1020000
2016-08-14 21:51:11.083000,1.11696,1.11682,3750000,1020000
2016-08-14 21:51:12.625000,1.11696,1.11682,4500000,1020000
2016-08-14 21:51:12.700000,1.11695,1.11682,2250000,1020000
2016-08-14 21:51:12.823000,1.11696,1.11681,1750000,1020000
2016-08-14 21:51:13.304000,1.11697,1.11681,4690000,1020000
2016-08-14 21:51:15.018000,1.11697,1.11681,3940000,1020000
2016-08-14 21:51:17.112000,1.11697,1.11682,3940000,1020000
2016-08-14 21:51:17.163000,1.11697,1.11681,3750000,1520000
2016-08-14 21:51:17.214000,1.11696,1.11682,2250000,1020000
2016-08-14 21:51:17.317000,1.11696,1.11682,2250000,1000000
2016-08-14 21:51:17.419000,1.11696,1.11682,2250000,1020000
2016-08-14 21:51:19.234000,1.11696,1.11682,1500000,1020000
2016-08-14 21:51:19.589000,1.11696,1.11682,1750000,1020000
2016-08-14 21:51:19.640000,1.11696,1.11682,1850000,1020000
2016-08-14 21:51:21.240000,1.11696,1.11682,1500000,1020000
2016-08-14 21:51:21.342000,1.11696,1.11682,1750000,1020000
2016-08-14 21:51:26.802000,1.11696,1.11682,3000000,1020000
2016-08-14 21:51:26.853000,1.11696,1.11682,3000000,1000000
2016-08-14 21:51:26.955000,1.11696,1.11682,3070000,1020000
2016-08-14 21:51:27.056000,1.11696,1.11682,3000000,1000000
2016-08-14 21:51:27.533000,1.11696,1.11682,1850000,1020000
2016-08-14 21:51:30.324000,1.11696,1.11682,2000000,1020000
2016-08-14 21:51:31.460000,1.11696,1.11682,1760000,1020000
2016-08-14 21:51:33.245000,1.11696,1.11682,1760000,1520000
2016-08-14 21:51:33.347000,1.11696,1.11682,2000000,1520000
2016-08-14 21:51:33.550000,1.11696,1.11682,2000000,1020000
2016-08-14 21:51:33.652000,1.11696,1.11682,3190000,1020000
2016-08-14 21:51:34.887000,1.11696,1.11682,2000000,1020000
2016-08-14 21:51:34.938000,1.11696,1.11682,2000000,1520000
2016-08-14 21:51:35.730000,1.11696,1.11682,2000000,1500000
2016-08-14 21:51:37.842000,1.11696,1.11682,1750000,1520000
2016-08-14 21:51:38.532000,1.11696,1.11682,1750000,1500000
2016-08-14 21:51:39.031000,1.11696,1.11682,1850000,1520000
2016-08-14 21:51:39.082000,1.11696,1.11682,1760000,1520000
2016-08-14 21:51:39.447000,1.11696,1.11682,2000000,1520000
2016-08-14 21:51:39.498000,1.11696,1.11682,1500000,1520000
2016-08-14 21:51:39.625000,1.11696,1.11682,1750000,1520000
2016-08-14 21:51:42.479000,1.11696,1.11682,2000000,1520000
2016-08-14 21:51:43.073000,1.11696,1.11682,2000000,1500000
2016-08-14 21:51:44.167000,1.11696,1.11682,2000000,1520000
2016-08-14 21:51:44.218000,1.11696,1.11682,1690000,1520000
2016-08-14 21:51:44.580000,1.11696,1.11682,2000000,1520000
2016-08-14 21:51:44.631000,1.11696,1.11682,2000000,1500000
2016-08-14 21:51:45.080000,1.11696,1.11682,2000000,1520000
2016-08-14 21:51:45.233000,1.11696,1.11682,2000000,1000000
2016-08-14 21:51:45.335000,1.11696,1.11682,1500000,1020000
2016-08-14 21:51:45.954000,1.11696,1.11682,1750000,1020000
2016-08-14 21:51:46.978000,1.11696,1.11682,1750000,1000000
2016-08-14 21:51:47.233000,1.11696,1.11682,1750000,1020000
2016-08-14 21:51:47.946000,1.11696,1.11682,1940000,1020000
2016-08-14 21:51:48.033000,1.11696,1.11682,1940000,1000000
2016-08-14 21:51:48.133000,1.11696,1.11682,1940000,1020000
2016-08-14 21:51:48.527000,1.11696,1.11682,1750000,1020000
2016-08-14 21:51:55.802000,1.11696,1.11682,2000000,1020000
2016-08-14 21:51:55.904000,1.11696,1.11682,1750000,1020000
2016-08-14 21:51:58.880000,1.11696,1.11682,1750000,1000000
2016-08-14 21:51:58.984000,1.11696,1.11682,1750000,1020000
2016-08-14 21:51:59.886000,1.11696,1.11682,1750000,1520000
2016-08-14 21:52:03.359000,1.11696,1.11682,1500000,1520000
2016-08-14 21:52:03.579000,1.11696,1.11682,1750000,1520000
2016-08-14 21:52:03.885000,1.11696,1.11682,1750000,1500000
2016-08-14 21:52:04.268000,1.11696,1.11682,1750000,1520000
2016-08-14 21:52:07.630000,1.11696,1.11682,1500000,1520000
2016-08-14 21:52:07.760000,1.11696,1.11682,1750000,1520000
2016-08-14 21:52:08.627000,1.11696,1.11682,1370000,1520000
2016-08-14 21:52:09.549000,1.11696,1.11682,1750000,1520000
2016-08-14 21:52:11.049000,1.11696,1.11682,1500000,1520000
2016-08-14 21:52:12.621000,1.11696,1.11682,1750000,1520000
2016-08-14 21:52:28.583000,1.11696,1.11682,1500000,1520000
2016-08-14 21:52:30.961000,1.11696,1.11682,1750000,1520000
2016-08-14 21:52:33.941000,1.11696,1.11682,1500000,1520000
2016-08-14 21:52:35.618000,1.11696,1.11682,1500000,1500000
2016-08-14 21:52:35.821000,1.11696,1.11682,1500000,1520000
2016-08-14 21:52:38.205000,1.11696,1.11682,1750000,1520000
2016-08-14 21:52:38.357000,1.11696,1.11682,1370000,1590000
2016-08-14 21:52:38.459000,1.11696,1.11682,1750000,1520000
2016-08-14 21:52:41.680000,1.11696,1.11682,3000000,1520000
2016-08-14 21:52:42.132000,1.11696,1.11682,3000000,1020000
2016-08-14 21:52:42.183000,1.11696,1.11682,1750000,1520000
2016-08-14 21:52:42.285000,1.11696,1.11682,1370000,1590000
2016-08-14 21:52:42.948000,1.11696,1.11682,1620000,1590000
2016-08-14 21:52:42.999000,1.11696,1.11682,1620000,1120000
2016-08-14 21:52:43.249000,1.11696,1.11682,1370000,1120000
2016-08-14 21:52:43.345000,1.11696,1.11682,1940000,1520000
2016-08-14 21:52:43.396000,1.11696,1.11682,1750000,1520000
2016-08-14 21:52:45.363000,1.11696,1.11682,1370000,1520000
2016-08-14 21:52:45.915000,1.11696,1.11682,1500000,1520000
2016-08-14 21:52:46.030000,1.11696,1.11682,1750000,1520000
2016-08-14 21:52:46.712000,1.11696,1.11682,1370000,1590000
2016-08-14 21:52:47.044000,1.11696,1.11682,1750000,1520000
2016-08-14 21:52:48.318000,1.11696,1.11682,1750000,1500000
2016-08-14 21:52:48.420000,1.11696,1.11682,1750000,1520000
2016-08-14 21:52:50.746000,1.11696,1.11682,1370000,1590000
2016-08-14 21:52:50.868000,1.11696,1.11682,1750000,1500000
2016-08-14 21:52:51.918000,1.11696,1.11682,1750000,1520000
2016-08-14 21:52:51.970000,1.11696,1.11682,1940000,1520000
2016-08-14 21:52:52.735000,1.11696,1.11682,1750000,1520000
2016-08-14 21:52:52.970000,1.11696,1.11682,1370000,1590000
2016-08-14 21:52:53.208000,1.11696,1.11682,1620000,1590000
2016-08-14 21:52:53.259000,1.11696,1.11682,1620000,1570000
2016-08-14 21:52:53.420000,1.11696,1.11682,1620000,1590000
2016-08-14 21:52:53.705000,1.11696,1.11682,1370000,1590000
2016-08-14 21:52:53.756000,1.11696,1.11682,1500000,1500000
2016-08-14 21:52:58.064000,1.11696,1.11682,1500000,1520000
2016-08-14 21:52:59.649000,1.11696,1.11682,1500000,1500000
2016-08-14 21:53:11.775000,1.11696,1.11682,1500000,1520000
2016-08-14 21:53:48.956000,1.11696,1.11682,1370000,1520000
2016-08-14 21:55:38.947000,1.11696,1.11682,1500000,1520000
2016-08-14 21:56:47.579000,1.11696,1.11682,1500000,1500000
2016-08-14 21:57:42.358000,1.11700,1.11682,2440000,1000000
2016-08-14 21:57:43.041000,1.11700,1.11682,3940000,1000000
2016-08-14 21:57:43.523000,1.11700,1.11682,4690000,1020000
2016-08-14 21:57:43.842000,1.11700,1.11682,4760000,1020000
2016-08-14 21:57:44.916000,1.11700,1.11681,4760000,1520000
2016-08-14 21:57:46.998000,1.11700,1.11681,4010000,1520000
2016-08-14 21:57:47.200000,1.11700,1.11681,4760000,1520000
2016-08-14 21:57:48.105000,1.11700,1.11681,4010000,1520000
2016-08-14 21:57:49.289000,1.11700,1.11681,4760000,1520000
2016-08-14 21:57:49.370000,1.11700,1.11681,4010000,1020000
2016-08-14 21:57:50.206000,1.11700,1.11681,4760000,1520000
2016-08-14 21:57:50.983000,1.11700,1.11681,4010000,1020000
2016-08-14 21:57:51.160000,1.11700,1.11681,4760000,1520000
2016-08-14 21:57:51.464000,1.11700,1.11681,4010000,1020000
2016-08-14 21:57:51.802000,1.11700,1.11681,4760000,1520000
2016-08-14 21:57:53.172000,1.11700,1.11681,4010000,1020000
2016-08-14 21:57:54.534000,1.11700,1.11681,3820000,1520000
2016-08-14 21:57:55.121000,1.11700,1.11681,3070000,1520000
2016-08-14 21:57:55.213000,1.11700,1.11681,2320000,1020000
2016-08-14 21:57:56.368000,1.11700,1.11681,3070000,1520000
2016-08-14 21:57:56.423000,1.11700,1.11681,3820000,1520000
2016-08-14 21:57:58.370000,1.11700,1.11681,3070000,1520000
2016-08-14 21:57:59.071000,1.11700,1.11681,3820000,1520000
2016-08-14 21:58:00.154000,1.11700,1.11681,3070000,1520000
2016-08-14 21:58:00.751000,1.11700,1.11681,3820000,1520000
2016-08-14 21:58:03.043000,1.11700,1.11681,3070000,1520000
2016-08-14 21:58:03.094000,1.11700,1.11681,1850000,1520000
2016-08-14 21:58:03.345000,1.11700,1.11681,2320000,1520000
2016-08-14 21:58:03.396000,1.11700,1.11681,3820000,1520000
2016-08-14 21:58:05.455000,1.11700,1.11681,3070000,1520000
2016-08-14 21:58:06.151000,1.11700,1.11681,3820000,1520000
2016-08-14 21:58:07.546000,1.11699,1.11681,1750000,1520000
2016-08-14 21:58:07.597000,1.11699,1.11681,1940000,1520000
2016-08-14 21:58:12.401000,1.11699,1.11681,1940000,1590000
2016-08-14 21:58:12.643000,1.11699,1.11681,1940000,1520000
2016-08-14 21:58:13.080000,1.11699,1.11682,1940000,1020000
2016-08-14 21:59:01.435000,1.11690,1.11682,100000,770000
2016-08-14 21:59:15.596000,1.11690,1.11682,100000,750000
2016-08-14 21:59:15.736000,1.11690,1.11682,100000,770000
2016-08-14 21:59:16.246000,1.11691,1.11682,100000,770000
2016-08-14 21:59:31.953000,1.11690,1.11682,100000,770000
2016-08-14 21:59:50.442000,1.11687,1.11682,100000,770000
2016-08-14 21:59:52.025000,1.11687,1.11684,100000,750000
2016-08-14 21:59:52.383000,1.11686,1.11684,100000,750000
2016-08-14 22:00:00.530000,1.11682,1.11677,820000,770000
2016-08-14 22:00:00.581000,1.11682,1.11678,100000,770000
2016-08-14 22:00:00.632000,1.11683,1.11680,370000,770000
2016-08-14 22:00:00.683000,1.11689,1.11678,100000,770000
2016-08-14 22:00:00.734000,1.11689,1.11683,100000,2250000
2016-08-14 22:00:00.785000,1.11686,1.11683,100000,2250000
2016-08-14 22:00:01.130000,1.11686,1.11684,100000,750000
2016-08-14 22:00:01.241000,1.11683,1.11679,100000,760000
2016-08-14 22:00:01.657000,1.11682,1.11680,100000,750000
2016-08-14 22:00:01.775000,1.11684,1.11680,100000,1510000
2016-08-14 22:00:01.878000,1.11685,1.11684,750000,1500000
2016-08-14 22:00:02.133000,1.11685,1.11684,820000,1500000
2016-08-14 22:00:02.236000,1.11685,1.11684,750000,1500000
2016-08-14 22:00:02.551000,1.11689,1.11684,100000,1500000
2016-08-14 22:00:03.132000,1.11688,1.11684,100000,1500000
2016-08-14 22:00:03.670000,1.11689,1.11684,100000,1500000
2016-08-14 22:00:06.054000,1.11688,1.11684,100000,1500000
2016-08-14 22:00:06.282000,1.11690,1.11684,100000,1500000
2016-08-14 22:00:06.638000,1.11690,1.11679,100000,750000
2016-08-14 22:00:06.689000,1.11690,1.11676,100000,750000
2016-08-14 22:00:06.740000,1.11687,1.11676,100000,750000
2016-08-14 22:00:07.134000,1.11687,1.11681,100000,750000
2016-08-14 22:00:07.286000,1.11690,1.11682,100000,750000
2016-08-14 22:00:07.755000,1.11688,1.11677,100000,750000
2016-08-14 22:00:08.111000,1.11688,1.11681,100000,750000
2016-08-14 22:00:08.580000,1.11688,1.11680,100000,750000
2016-08-14 22:00:08.631000,1.11688,1.11677,100000,1500000
2016-08-14 22:00:08.682000,1.11688,1.11677,100000,750000
2016-08-14 22:00:09.276000,1.11687,1.11679,100000,750000
2016-08-14 22:00:09.384000,1.11687,1.11681,100000,750000
2016-08-14 22:00:09.587000,1.11688,1.11676,100000,2250000
2016-08-14 22:00:09.690000,1.11687,1.11676,100000,1500000
2016-08-14 22:00:10.060000,1.11687,1.11681,100000,750000
2016-08-14 22:00:10.717000,1.11686,1.11681,100000,750000
2016-08-14 22:00:11.185000,1.11686,1.11679,100000,750000
2016-08-14 22:00:11.301000,1.11686,1.11678,100000,750000
2016-08-14 22:00:11.815000,1.11686,1.11677,100000,750000
2016-08-14 22:00:11.895000,1.11686,1.11679,100000,750000
2016-08-14 22:00:12.600000,1.11686,1.11677,100000,750000
2016-08-14 22:00:12.853000,1.11685,1.11679,100000,750000
2016-08-14 22:00:13.824000,1.11685,1.11678,100000,750000
2016-08-14 22:00:14.470000,1.11686,1.11679,100000,750000
2016-08-14 22:00:14.893000,1.11686,1.11678,100000,750000
2016-08-14 22:00:14.996000,1.11683,1.11677,100000,750000
2016-08-14 22:00:15.098000,1.11683,1.11679,100000,750000
2016-08-14 22:00:21.517000,1.11683,1.11678,100000,750000
2016-08-14 22:00:21.568000,1.11685,1.11679,820000,750000
2016-08-14 22:00:22.112000,1.11684,1.11679,100000,750000
2016-08-14 22:00:23.016000,1.11685,1.11680,820000,370000
2016-08-14 22:00:23.702000,1.11685,1.11679,750000,1120000
2016-08-14 22:00:23.753000,1.11685,1.11680,750000,370000
2016-08-14 22:00:24.539000,1.11687,1.11680,100000,370000
2016-08-14 22:00:24.641000,1.11687,1.11679,100000,750000
2016-08-14 22:00:26.544000,1.11685,1.11679,100000,750000
2016-08-14 22:00:29.298000,1.11686,1.11685,370000,370000
2016-08-14 22:00:29.406000,1.11687,1.11685,100000,370000
2016-08-14 22:00:29.732000,1.11685,1.11684,100000,370000
2016-08-14 22:00:29.783000,1.11686,1.11685,370000,370000
2016-08-14 22:00:31.058000,1.11685,1.11684,100000,370000
2016-08-14 22:00:31.288000,1.11686,1.11685,370000,370000
2016-08-14 22:00:31.741000,1.11685,1.11684,100000,370000
2016-08-14 22:00:32.190000,1.11687,1.11685,100000,370000
2016-08-14 22:00:33.022000,1.11688,1.11685,100000,370000
2016-08-14 22:00:33.073000,1.11688,1.11685,100000,750000
2016-08-14 22:00:34.851000,1.11688,1.11684,100000,750000
2016-08-14 22:00:35.626000,1.11688,1.11685,100000,750000
2016-08-14 22:00:37.128000,1.11690,1.11685,100000,750000
2016-08-14 22:00:37.594000,1.11690,1.11685,100000,370000
2016-08-14 22:00:38.104000,1.11689,1.11685,100000,370000
2016-08-14 22:00:39.295000,1.11689,1.11684,100000,370000
2016-08-14 22:00:40.082000,1.11690,1.11685,100000,370000
2016-08-14 22:00:47.105000,1.11690,1.11684,100000,370000
2016-08-14 22:00:47.627000,1.11690,1.11685,100000,370000
2016-08-14 22:00:49.194000,1.11690,1.11682,100000,1500000
2016-08-14 22:00:49.278000,1.11690,1.11681,100000,1120000
2016-08-14 22:00:49.738000,1.11690,1.11681,100000,2620000
2016-08-14 22:00:51.139000,1.11690,1.11681,100000,2250000
2016-08-14 22:00:51.444000,1.11690,1.11681,100000,750000
2016-08-14 22:00:51.496000,1.11690,1.11681,100000,1120000
2016-08-14 22:00:51.649000,1.11690,1.11681,100000,2620000
2016-08-14 22:00:53.649000,1.11690,1.11681,100000,1120000
2016-08-14 22:00:53.802000,1.11690,1.11681,100000,750000
2016-08-14 22:00:53.873000,1.11690,1.11681,100000,2250000
2016-08-14 22:00:54.128000,1.11690,1.11681,100000,2620000
2016-08-14 22:00:54.642000,1.11690,1.11681,100000,1120000
2016-08-14 22:00:54.851000,1.11690,1.11681,100000,2620000
2016-08-14 22:00:55.105000,1.11690,1.11681,100000,2250000
2016-08-14 22:00:55.511000,1.11690,1.11681,100000,2620000
2016-08-14 22:00:55.664000,1.11690,1.11681,100000,1120000
2016-08-14 22:00:56.172000,1.11690,1.11681,100000,2620000
2016-08-14 22:00:59.149000,1.11690,1.11681,100000,2250000
2016-08-14 22:00:59.749000,1.11690,1.11681,100000,2620000
2016-08-14 22:01:00.327000,1.11688,1.11681,100000,2620000
2016-08-14 22:01:00.480000,1.11688,1.11681,100000,1870000
2016-08-14 22:01:00.632000,1.11690,1.11681,100000,1500000
2016-08-14 22:01:01.118000,1.11688,1.11681,100000,1870000
2016-08-14 22:01:01.169000,1.11688,1.11681,100000,370000
2016-08-14 22:01:01.321000,1.11690,1.11681,100000,370000
2016-08-14 22:01:01.830000,1.11689,1.11681,100000,370000
2016-08-14 22:01:03.008000,1.11689,1.11680,100000,3370000
2016-08-14 22:01:03.059000,1.11689,1.11680,100000,2250000
2016-08-14 22:01:03.161000,1.11689,1.11680,100000,3000000
2016-08-14 22:01:03.313000,1.11689,1.11680,100000,3370000
2016-08-14 22:01:03.364000,1.11689,1.11680,100000,3750000
2016-08-14 22:01:03.415000,1.11689,1.11681,100000,370000
2016-08-14 22:01:03.517000,1.11689,1.11680,100000,3750000
2016-08-14 22:01:03.867000,1.11689,1.11681,100000,370000
2016-08-14 22:01:05.718000,1.11687,1.11681,100000,370000
2016-08-14 22:01:05.820000,1.11689,1.11680,100000,3370000
2016-08-14 22:01:05.907000,1.11687,1.11680,100000,3000000
2016-08-14 22:01:06.113000,1.11689,1.11681,100000,370000
2016-08-14 22:01:06.850000,1.11689,1.11681,100000,1120000
2016-08-14 22:01:07.120000,1.11690,1.11681,100000,750000
2016-08-14 22:01:07.330000,1.11689,1.11681,100000,1120000
2016-08-14 22:01:07.585000,1.11691,1.11681,1570000,1120000
2016-08-14 22:01:07.636000,1.11691,1.11681,100000,1120000
2016-08-14 22:01:08.131000,1.11689,1.11681,100000,1120000
2016-08-14 22:01:09.141000,1.11689,1.11681,100000,750000
2016-08-14 22:01:09.445000,1.11689,1.11681,100000,1120000
2016-08-14 22:01:09.774000,1.11689,1.11681,100000,750000
2016-08-14 22:01:10.232000,1.11689,1.11681,100000,1120000
2016-08-14 22:01:10.740000,1.11690,1.11681,100000,1120000
2016-08-14 22:01:11.636000,1.11690,1.11681,100000,750000
2016-08-14 22:01:12.124000,1.11690,1.11681,100000,1120000
2016-08-14 22:01:12.339000,1.11689,1.11681,100000,2620000
2016-08-14 22:01:12.440000,1.11689,1.11681,100000,750000
2016-08-14 22:01:12.644000,1.11689,1.11681,100000,1120000
2016-08-14 22:01:13.149000,1.11690,1.11681,100000,1120000
2016-08-14 22:01:17.141000,1.11689,1.11680,100000,2250000
2016-08-14 22:01:17.192000,1.11689,1.11680,100000,3000000
2016-08-14 22:01:17.344000,1.11690,1.11680,100000,3370000
2016-08-14 22:01:17.395000,1.11690,1.11680,100000,3750000
2016-08-14 22:01:17.446000,1.11689,1.11681,100000,370000
2016-08-14 22:01:18.096000,1.11690,1.11681,100000,370000
2016-08-14 22:01:18.147000,1.11690,1.11680,100000,3000000
2016-08-14 22:01:18.366000,1.11690,1.11681,100000,370000
2016-08-14 22:01:18.569000,1.11689,1.11680,100000,1500000
2016-08-14 22:01:18.872000,1.11689,1.11680,100000,3000000
2016-08-14 22:01:18.974000,1.11689,1.11680,100000,3370000
2016-08-14 22:01:19.076000,1.11689,1.11681,100000,370000
2016-08-14 22:01:19.279000,1.11689,1.11680,100000,3000000
2016-08-14 22:01:19.485000,1.11690,1.11680,100000,3370000
2016-08-14 22:01:19.651000,1.11690,1.11681,100000,370000
2016-08-14 22:01:19.753000,1.11690,1.11680,100000,3750000
2016-08-14 22:01:20.056000,1.11690,1.11681,100000,370000
2016-08-14 22:01:20.614000,1.11690,1.11680,100000,3370000
2016-08-14 22:01:20.676000,1.11690,1.11680,100000,3000000
2016-08-14 22:01:20.879000,1.11689,1.11680,100000,1500000
2016-08-14 22:01:21.103000,1.11689,1.11680,100000,1870000
2016-08-14 22:01:21.154000,1.11689,1.11681,100000,370000
2016-08-14 22:01:21.357000,1.11689,1.11680,100000,3000000
2016-08-14 22:01:22.060000,1.11689,1.11680,100000,2620000
2016-08-14 22:01:22.149000,1.11689,1.11681,100000,750000
2016-08-14 22:01:23.862000,1.11690,1.11681,100000,750000
2016-08-14 22:01:24.371000,1.11689,1.11681,100000,750000
2016-08-14 22:01:25.422000,1.11690,1.11681,100000,750000
2016-08-14 22:01:25.730000,1.11688,1.11681,100000,750000
2016-08-14 22:01:26.392000,1.11689,1.11681,100000,750000
2016-08-14 22:01:27.109000,1.11688,1.11681,100000,750000
2016-08-14 22:01:27.617000,1.11689,1.11681,100000,750000
2016-08-14 22:01:28.124000,1.11688,1.11681,100000,750000
2016-08-14 22:01:30.889000,1.11689,1.11681,100000,750000
2016-08-14 22:01:31.495000,1.11687,1.11681,100000,750000
2016-08-14 22:01:31.869000,1.11688,1.11681,100000,1120000
2016-08-14 22:01:33.123000,1.11688,1.11681,100000,370000
2016-08-14 22:01:33.215000,1.11688,1.11680,100000,3370000
2016-08-14 22:01:33.418000,1.11688,1.11680,100000,1870000
2016-08-14 22:01:33.520000,1.11688,1.11680,100000,3370000
2016-08-14 22:01:33.825000,1.11688,1.11680,100000,4120000
2016-08-14 22:01:34.028000,1.11688,1.11680,100000,3750000
2016-08-14 22:01:34.422000,1.11688,1.11680,100000,3370000
2016-08-14 22:01:34.524000,1.11688,1.11680,100000,2250000
2016-08-14 22:01:34.625000,1.11688,1.11680,100000,3370000
2016-08-14 22:01:35.140000,1.11688,1.11680,100000,4120000
2016-08-14 22:01:35.223000,1.11688,1.11680,100000,4500000
2016-08-14 22:01:35.274000,1.11688,1.11681,100000,370000
2016-08-14 22:01:35.325000,1.11688,1.11681,100000,1870000
2016-08-14 22:01:35.376000,1.11688,1.11681,100000,1500000
2016-08-14 22:01:35.732000,1.11688,1.11680,100000,3370000
2016-08-14 22:01:35.935000,1.11688,1.11681,100000,1500000
2016-08-14 22:01:36.036000,1.11688,1.11680,100000,3370000
2016-08-14 22:01:36.452000,1.11688,1.11681,100000,1500000
2016-08-14 22:01:36.758000,1.11688,1.11680,100000,3370000
2016-08-14 22:01:36.809000,1.11688,1.11680,100000,2250000
2016-08-14 22:01:36.910000,1.11688,1.11680,100000,3370000
2016-08-14 22:01:36.961000,1.11688,1.11681,100000,1500000
2016-08-14 22:01:37.461000,1.11688,1.11680,100000,2250000
2016-08-14 22:01:37.563000,1.11688,1.11681,100000,1500000
2016-08-14 22:01:38.011000,1.11688,1.11681,100000,370000
2016-08-14 22:01:38.378000,1.11687,1.11680,100000,3750000
2016-08-14 22:01:38.428000,1.11687,1.11680,100000,3370000
2016-08-14 22:01:38.837000,1.11687,1.11680,100000,3750000
2016-08-14 22:01:39.040000,1.11687,1.11680,100000,3370000
2016-08-14 22:01:39.740000,1.11687,1.11680,100000,3750000
2016-08-14 22:01:39.792000,1.11687,1.11680,100000,3370000
2016-08-14 22:01:39.894000,1.11687,1.11680,100000,3750000
2016-08-14 22:01:40.148000,1.11687,1.11680,100000,4120000
2016-08-14 22:01:40.226000,1.11689,1.11680,100000,2620000
2016-08-14 22:01:40.328000,1.11689,1.11680,100000,3750000
2016-08-14 22:01:40.534000,1.11689,1.11680,100000,4120000
2016-08-14 22:01:40.585000,1.11689,1.11680,100000,3750000
2016-08-14 22:01:40.636000,1.11689,1.11680,100000,3370000
2016-08-14 22:01:41.294000,1.11689,1.11681,100000,750000
2016-08-14 22:01:41.802000,1.11688,1.11681,100000,750000
2016-08-14 22:01:43.550000,1.11687,1.11681,100000,750000
2016-08-14 22:01:43.854000,1.11687,1.11684,100000,750000
2016-08-14 22:01:44.120000,1.11688,1.11684,100000,1500000
2016-08-14 22:01:44.628000,1.11687,1.11684,100000,1500000
2016-08-14 22:01:50.145000,1.11686,1.11684,100000,1500000
2016-08-14 22:01:51.140000,1.11687,1.11684,100000,1500000
2016-08-14 22:01:58.780000,1.11687,1.11685,100000,150000
2016-08-14 22:01:58.831000,1.11688,1.11687,370000,450000
2016-08-14 22:01:58.933000,1.11689,1.11687,100000,450000
2016-08-14 22:01:59.035000,1.11689,1.11687,100000,1120000
2016-08-14 22:01:59.585000,1.11690,1.11687,100000,1120000
2016-08-14 22:02:00.109000,1.11689,1.11687,100000,1120000
2016-08-14 22:02:04.232000,1.11690,1.11687,100000,1120000
2016-08-14 22:02:06.318000,1.11688,1.11687,100000,1120000
2016-08-14 22:02:09.150000,1.11690,1.11687,100000,1120000
2016-08-14 22:02:09.201000,1.11690,1.11687,100000,450000
2016-08-14 22:02:09.370000,1.11689,1.11685,100000,370000
2016-08-14 22:02:09.941000,1.11689,1.11684,100000,1870000
2016-08-14 22:02:09.992000,1.11689,1.11685,100000,370000
2016-08-14 22:02:10.094000,1.11689,1.11684,100000,1870000
2016-08-14 22:02:10.196000,1.11689,1.11685,100000,370000
2016-08-14 22:02:10.450000,1.11689,1.11684,100000,1870000
2016-08-14 22:02:10.501000,1.11689,1.11685,100000,370000
2016-08-14 22:02:11.236000,1.11689,1.11684,100000,1870000
2016-08-14 22:02:11.773000,1.11689,1.11685,100000,370000
2016-08-14 22:02:13.791000,1.11688,1.11685,100000,370000
2016-08-14 22:02:13.894000,1.11688,1.11685,100000,520000
2016-08-14 22:02:14.046000,1.11688,1.11687,100000,450000
2016-08-14 22:02:15.354000,1.11688,1.11685,100000,150000
2016-08-14 22:02:15.507000,1.11689,1.11685,100000,520000
2016-08-14 22:02:15.713000,1.11690,1.11685,100000,150000
2016-08-14 22:02:15.815000,1.11690,1.11685,100000,370000
2016-08-14 22:02:16.142000,1.11691,1.11685,100000,520000
2016-08-14 22:02:17.422000,1.11691,1.11685,100000,150000
2016-08-14 22:02:17.524000,1.11691,1.11685,100000,520000
2016-08-14 22:02:18.048000,1.11690,1.11685,100000,370000
2016-08-14 22:02:18.198000,1.11690,1.11685,100000,520000
2016-08-14 22:02:18.706000,1.11690,1.11685,100000,370000
2016-08-14 22:02:18.808000,1.11690,1.11685,100000,520000
2016-08-14 22:02:19.721000,1.11690,1.11685,100000,150000
2016-08-14 22:02:19.822000,1.11690,1.11685,100000,520000
2016-08-14 22:02:20.127000,1.11690,1.11685,100000,370000
2016-08-14 22:02:20.228000,1.11690,1.11685,100000,520000
2016-08-14 22:02:21.156000,1.11689,1.11685,100000,520000
2016-08-14 22:02:21.208000,1.11689,1.11685,100000,370000
2016-08-14 22:02:21.310000,1.11690,1.11685,100000,520000
2016-08-14 22:02:21.412000,1.11690,1.11685,100000,370000
2016-08-14 22:02:21.615000,1.11691,1.11685,100000,520000
2016-08-14 22:02:22.021000,1.11691,1.11685,100000,370000
2016-08-14 22:02:22.384000,1.11691,1.11685,100000,520000
2016-08-14 22:02:22.536000,1.11691,1.11685,100000,150000
2016-08-14 22:02:22.638000,1.11690,1.11685,100000,520000
2016-08-14 22:02:22.689000,1.11692,1.11685,2320000,520000
2016-08-14 22:02:22.740000,1.11692,1.11685,1950000,520000
2016-08-14 22:02:22.791000,1.11692,1.11685,100000,520000
2016-08-14 22:02:22.842000,1.11692,1.11684,100000,2250000
2016-08-14 22:02:22.906000,1.11690,1.11684,100000,1500000
2016-08-14 22:02:23.211000,1.11690,1.11684,100000,2250000
2016-08-14 22:02:23.365000,1.11689,1.11683,100000,1500000
2016-08-14 22:02:24.003000,1.11690,1.11683,100000,1500000
2016-08-14 22:02:24.654000,1.11690,1.11684,100000,1500000
2016-08-14 22:02:26.093000,1.11690,1.11683,100000,1500000
2016-08-14 22:02:26.893000,1.11688,1.11684,100000,2250000
2016-08-14 22:02:27.097000,1.11689,1.11684,100000,1500000
2016-08-14 22:02:27.216000,1.11689,1.11683,100000,2250000
2016-08-14 22:02:27.318000,1.11689,1.11684,100000,1500000
2016-08-14 22:02:27.419000,1.11689,1.11683,100000,2250000
2016-08-14 22:02:27.804000,1.11689,1.11684,100000,1500000
2016-08-14 22:02:28.426000,1.11689,1.11684,100000,2250000
2016-08-14 22:02:28.884000,1.11689,1.11684,100000,1500000
2016-08-14 22:02:29.087000,1.11689,1.11684,100000,2250000
2016-08-14 22:02:29.419000,1.11689,1.11684,100000,1500000
2016-08-14 22:02:29.622000,1.11689,1.11683,100000,2250000
2016-08-14 22:02:29.724000,1.11689,1.11684,100000,1500000
2016-08-14 22:02:30.232000,1.11689,1.11684,100000,2250000
2016-08-14 22:02:30.384000,1.11689,1.11683,100000,1500000
2016-08-14 22:02:30.896000,1.11689,1.11684,100000,1500000
2016-08-14 22:02:31.100000,1.11689,1.11684,100000,2250000
2016-08-14 22:02:31.201000,1.11689,1.11684,100000,1500000
2016-08-14 22:02:31.303000,1.11689,1.11684,100000,2250000
2016-08-14 22:02:31.506000,1.11689,1.11684,100000,1500000
2016-08-14 22:02:32.013000,1.11690,1.11684,100000,2250000
2016-08-14 22:02:32.593000,1.11689,1.11684,100000,2250000
2016-08-14 22:02:33.122000,1.11688,1.11684,100000,2250000
2016-08-14 22:02:33.609000,1.11688,1.11684,100000,1500000
2016-08-14 22:02:34.109000,1.11689,1.11684,100000,2250000
2016-08-14 22:02:34.323000,1.11689,1.11684,100000,1500000
2016-08-14 22:02:34.629000,1.11689,1.11684,100000,2250000
2016-08-14 22:02:34.832000,1.11689,1.11684,100000,1500000
2016-08-14 22:02:35.499000,1.11689,1.11684,100000,2250000
2016-08-14 22:02:35.947000,1.11689,1.11684,100000,1500000
2016-08-14 22:02:36.468000,1.11690,1.11684,100000,1500000
2016-08-14 22:02:36.519000,1.11690,1.11684,100000,2250000
2016-08-14 22:02:36.824000,1.11690,1.11684,100000,1500000
2016-08-14 22:02:36.925000,1.11689,1.11684,100000,2250000
2016-08-14 22:02:37.443000,1.11689,1.11684,100000,1500000
2016-08-14 22:02:37.952000,1.11689,1.11683,100000,1500000
2016-08-14 22:02:38.459000,1.11690,1.11684,100000,1500000
2016-08-14 22:02:38.713000,1.11690,1.11684,100000,2250000
2016-08-14 22:02:39.148000,1.11690,1.11684,100000,1500000
2016-08-14 22:02:50.627000,1.11687,1.11684,100000,1500000
2016-08-14 22:02:50.729000,1.11687,1.11684,100000,2250000
2016-08-14 22:02:51.538000,1.11687,1.11683,100000,2250000
2016-08-14 22:02:51.641000,1.11689,1.11683,100000,2250000
2016-08-14 22:02:52.309000,1.11688,1.11683,100000,2250000
2016-08-14 22:02:53.175000,1.11688,1.11684,100000,1500000
2016-08-14 22:02:56.473000,1.11687,1.11684,100000,1500000
2016-08-14 22:02:56.779000,1.11689,1.11684,100000,1500000
2016-08-14 22:02:56.830000,1.11689,1.11685,100000,370000
2016-08-14 22:02:56.931000,1.11689,1.11684,100000,1500000
2016-08-14 22:02:57.476000,1.11688,1.11683,100000,1500000
2016-08-14 22:02:58.026000,1.11688,1.11684,100000,1500000
2016-08-14 22:02:58.077000,1.11688,1.11684,100000,2250000
2016-08-14 22:02:58.382000,1.11688,1.11684,100000,1500000
2016-08-14 22:02:58.585000,1.11688,1.11683,100000,2250000
2016-08-14 22:02:59.267000,1.11689,1.11683,100000,2250000
2016-08-14 22:03:00.190000,1.11689,1.11684,100000,2250000
2016-08-14 22:03:01.305000,1.11688,1.11684,100000,2250000
2016-08-14 22:03:01.559000,1.11688,1.11684,100000,1500000
2016-08-14 22:03:06.286000,1.11688,1.11684,100000,2250000
2016-08-14 22:03:07.962000,1.11688,1.11684,100000,1500000
2016-08-14 22:03:09.274000,1.11688,1.11683,100000,1500000
2016-08-14 22:03:09.819000,1.11689,1.11683,100000,1500000
2016-08-14 22:03:11.274000,1.11689,1.11684,100000,2250000
2016-08-14 22:03:13.507000,1.11689,1.11684,100000,1500000
2016-08-14 22:03:14.095000,1.11688,1.11683,100000,1500000
2016-08-14 22:03:14.419000,1.11688,1.11683,100000,2250000
2016-08-14 22:03:14.927000,1.11688,1.11684,100000,1500000
2016-08-14 22:03:15.080000,1.11688,1.11684,100000,2250000
2016-08-14 22:03:15.182000,1.11688,1.11684,100000,1500000
2016-08-14 22:03:15.389000,1.11688,1.11684,100000,2250000
2016-08-14 22:03:16.996000,1.11688,1.11684,100000,1500000
2016-08-14 22:03:17.403000,1.11688,1.11684,100000,2250000
2016-08-14 22:03:17.505000,1.11688,1.11683,100000,1500000
2016-08-14 22:03:17.846000,1.11688,1.11684,100000,2250000
2016-08-14 22:03:18.303000,1.11688,1.11684,100000,1500000
2016-08-14 22:03:22.926000,1.11688,1.11684,100000,2250000
2016-08-14 22:03:23.244000,1.11688,1.11684,100000,1500000
2016-08-14 22:03:24.560000,1.11688,1.11684,100000,2250000
2016-08-14 22:03:25.006000,1.11688,1.11684,100000,1500000
2016-08-14 22:03:29.017000,1.11688,1.11684,100000,2250000
2016-08-14 22:03:29.636000,1.11688,1.11684,100000,1500000
2016-08-14 22:03:30.143000,1.11689,1.11684,100000,1500000
2016-08-14 22:03:30.845000,1.11688,1.11684,100000,1500000
2016-08-14 22:03:31.376000,1.11689,1.11684,100000,1500000
2016-08-14 22:03:31.529000,1.11688,1.11684,100000,2250000
2016-08-14 22:03:31.936000,1.11688,1.11684,100000,1500000
2016-08-14 22:03:32.755000,1.11688,1.11684,100000,2250000
2016-08-14 22:03:33.424000,1.11688,1.11684,100000,1500000
2016-08-14 22:03:33.929000,1.11688,1.11684,100000,2250000
2016-08-14 22:03:36.468000,1.11688,1.11684,100000,1500000
2016-08-14 22:03:36.989000,1.11688,1.11683,100000,1500000
2016-08-14 22:03:37.882000,1.11688,1.11684,100000,1500000
2016-08-14 22:03:38.034000,1.11688,1.11684,100000,2250000
2016-08-14 22:03:38.238000,1.11688,1.11684,100000,1500000
2016-08-14 22:03:38.441000,1.11688,1.11684,100000,2250000
2016-08-14 22:03:38.944000,1.11689,1.11684,100000,2250000
2016-08-14 22:03:39.045000,1.11687,1.11684,100000,2250000
2016-08-14 22:03:39.147000,1.11687,1.11684,100000,1500000
2016-08-14 22:03:39.654000,1.11687,1.11684,100000,2250000
2016-08-14 22:03:40.060000,1.11687,1.11684,100000,1500000
2016-08-14 22:03:40.595000,1.11687,1.11683,100000,1500000
2016-08-14 22:03:40.850000,1.11687,1.11684,100000,2250000
2016-08-14 22:03:41.248000,1.11688,1.11684,100000,1500000
2016-08-14 22:03:41.668000,1.11687,1.11684,100000,2250000
2016-08-14 22:03:42.214000,1.11688,1.11684,100000,2250000
2016-08-14 22:03:42.306000,1.11688,1.11683,100000,1500000
2016-08-14 22:03:45.484000,1.11688,1.11684,100000,2250000
2016-08-14 22:03:46.388000,1.11687,1.11684,100000,2250000
2016-08-14 22:03:46.782000,1.11687,1.11684,100000,1500000
2016-08-14 22:03:47.787000,1.11687,1.11684,100000,2250000
2016-08-14 22:03:48.264000,1.11687,1.11684,100000,1500000
2016-08-14 22:03:51.283000,1.11687,1.11684,100000,2250000
2016-08-14 22:03:51.956000,1.11687,1.11684,100000,1500000
2016-08-14 22:04:02.678000,1.11687,1.11684,100000,2250000
2016-08-14 22:04:03.186000,1.11688,1.11684,100000,2250000
2016-08-14 22:04:03.299000,1.11688,1.11684,100000,1500000
2016-08-14 22:04:03.909000,1.11691,1.11684,3750000,1500000
2016-08-14 22:04:04.538000,1.11691,1.11684,1370000,1500000
2016-08-14 22:04:04.648000,1.11692,1.11683,2620000,2250000
2016-08-14 22:04:04.801000,1.11692,1.11683,3000000,2250000
2016-08-14 22:04:04.909000,1.11691,1.11684,1870000,1500000
2016-08-14 22:04:05.011000,1.11691,1.11684,1870000,2250000
2016-08-14 22:04:05.164000,1.11691,1.11684,2250000,2250000
2016-08-14 22:04:05.234000,1.11690,1.11684,1870000,2250000
2016-08-14 22:04:05.336000,1.11692,1.11684,1870000,2250000
2016-08-14 22:04:05.489000,1.11692,1.11684,2250000,2250000
2016-08-14 22:04:05.591000,1.11692,1.11684,2250000,1500000
2016-08-14 22:04:05.743000,1.11691,1.11684,1870000,1500000
2016-08-14 22:04:05.908000,1.11691,1.11684,1870000,2250000
2016-08-14 22:04:06.181000,1.11691,1.11684,2620000,1500000
2016-08-14 22:04:06.287000,1.11691,1.11684,3000000,1500000
2016-08-14 22:04:06.644000,1.11690,1.11684,1870000,1500000
2016-08-14 22:04:06.796000,1.11690,1.11684,1870000,2250000
2016-08-14 22:04:06.847000,1.11691,1.11684,1370000,2250000
2016-08-14 22:04:06.899000,1.11691,1.11684,1370000,1500000
2016-08-14 22:04:06.950000,1.11692,1.11684,3370000,1500000
2016-08-14 22:04:07.040000,1.11691,1.11684,1370000,2250000
2016-08-14 22:04:07.091000,1.11691,1.11684,1370000,1500000
2016-08-14 22:04:07.455000,1.11691,1.11684,2250000,1500000
2016-08-14 22:04:07.557000,1.11692,1.11684,6000000,1500000
2016-08-14 22:04:07.608000,1.11692,1.11684,3750000,2250000
2016-08-14 22:04:07.661000,1.11692,1.11684,4120000,2250000
2016-08-14 22:04:07.814000,1.11692,1.11684,4120000,1500000
2016-08-14 22:04:08.120000,1.11692,1.11684,3750000,1500000
2016-08-14 22:04:08.197000,1.11691,1.11684,1870000,2250000
2016-08-14 22:04:08.248000,1.11691,1.11684,2620000,2250000
2016-08-14 22:04:08.299000,1.11691,1.11684,3000000,1500000
2016-08-14 22:04:09.048000,1.11690,1.11684,1870000,1500000
2016-08-14 22:04:09.130000,1.11692,1.11684,4120000,2250000
2016-08-14 22:04:09.385000,1.11692,1.11684,4120000,1500000
2016-08-14 22:04:09.650000,1.11691,1.11684,1870000,1500000
2016-08-14 22:04:09.802000,1.11691,1.11684,1870000,2250000
2016-08-14 22:04:09.853000,1.11691,1.11684,2620000,2250000
2016-08-14 22:04:09.903000,1.11691,1.11684,3000000,1500000
2016-08-14 22:04:11.198000,1.11691,1.11684,2620000,1500000
2016-08-14 22:04:11.249000,1.11690,1.11684,1870000,1500000
2016-08-14 22:04:11.351000,1.11691,1.11684,2620000,1500000
2016-08-14 22:04:11.402000,1.11691,1.11684,3000000,1500000
2016-08-14 22:04:11.453000,1.11690,1.11684,1870000,1500000
2016-08-14 22:04:11.504000,1.11690,1.11683,1870000,2250000
2016-08-14 22:04:11.555000,1.11692,1.11683,3750000,2250000
2016-08-14 22:04:11.678000,1.11692,1.11683,4120000,2250000
2016-08-14 22:04:11.729000,1.11692,1.11684,4870000,1500000
2016-08-14 22:04:12.115000,1.11692,1.11684,4500000,1500000
2016-08-14 22:04:12.166000,1.11691,1.11684,2250000,2250000
2016-08-14 22:04:12.217000,1.11691,1.11684,2250000,1500000
2016-08-14 22:04:12.268000,1.11691,1.11684,3000000,1500000
2016-08-14 22:04:13.024000,1.11691,1.11684,3000000,2250000
2016-08-14 22:04:15.027000,1.11691,1.11684,3000000,1500000
2016-08-14 22:04:15.231000,1.11691,1.11684,3750000,1500000
2016-08-14 22:04:15.765000,1.11689,1.11684,1870000,2250000
2016-08-14 22:04:15.816000,1.11689,1.11684,1870000,1500000
2016-08-14 22:04:15.918000,1.11689,1.11683,1870000,2250000
2016-08-14 22:04:15.969000,1.11689,1.11683,2620000,2250000
2016-08-14 22:04:16.068000,1.11688,1.11683,1870000,1000000
2016-08-14 22:04:16.120000,1.11688,1.11684,1870000,1500000
2016-08-14 22:04:16.171000,1.11690,1.11684,1370000,1500000
2016-08-14 22:04:16.222000,1.11690,1.11683,1370000,1000000
2016-08-14 22:04:16.324000,1.11690,1.11684,1500000,2250000
2016-08-14 22:04:16.529000,1.11690,1.11684,1370000,2250000
2016-08-14 22:04:16.580000,1.11690,1.11684,2620000,2250000
2016-08-14 22:04:16.784000,1.11690,1.11684,3000000,2250000
2016-08-14 22:04:16.835000,1.11690,1.11683,2250000,1500000
2016-08-14 22:04:17.427000,1.11691,1.11683,2250000,1500000
2016-08-14 22:04:17.506000,1.11691,1.11683,3750000,1500000
2016-08-14 22:04:17.557000,1.11691,1.11683,4500000,1500000
2016-08-14 22:04:19.316000,1.11691,1.11683,5250000,1500000
2016-08-14 22:04:20.064000,1.11689,1.11683,1870000,1500000
2016-08-14 22:04:20.115000,1.11689,1.11684,1870000,2250000
2016-08-14 22:04:20.369000,1.11690,1.11684,1370000,2250000
2016-08-14 22:04:20.522000,1.11690,1.11684,1370000,1500000
2016-08-14 22:04:20.805000,1.11690,1.11684,2620000,1500000
2016-08-14 22:04:20.958000,1.11690,1.11684,2620000,2250000
2016-08-14 22:04:21.060000,1.11689,1.11684,1870000,2250000
2016-08-14 22:04:21.161000,1.11689,1.11684,1870000,1500000
2016-08-14 22:04:21.263000,1.11690,1.11684,1370000,2250000
2016-08-14 22:04:21.444000,1.11690,1.11684,1370000,1500000
2016-08-14 22:04:21.966000,1.11689,1.11684,1870000,1500000
2016-08-14 22:04:22.541000,1.11690,1.11684,1370000,1500000
2016-08-14 22:04:23.975000,1.11689,1.11684,1870000,1500000
2016-08-14 22:04:24.026000,1.11689,1.11683,1870000,2250000
2016-08-14 22:04:24.363000,1.11690,1.11684,1870000,1500000
2016-08-14 22:04:24.414000,1.11690,1.11684,1500000,1500000
2016-08-14 22:04:29.610000,1.11689,1.11684,1870000,1500000
2016-08-14 22:04:31.375000,1.11689,1.11684,1870000,2250000
2016-08-14 22:04:31.477000,1.11690,1.11684,1500000,1500000
2016-08-14 22:04:31.579000,1.11690,1.11684,1500000,2250000
2016-08-14 22:04:31.630000,1.11690,1.11684,1370000,2250000
2016-08-14 22:04:31.681000,1.11690,1.11684,1370000,1500000
2016-08-14 22:04:32.668000,1.11690,1.11684,1500000,1500000
2016-08-14 22:04:32.719000,1.11690,1.11684,3000000,1500000
2016-08-14 22:04:32.770000,1.11690,1.11684,3000000,2250000
2016-08-14 22:04:32.872000,1.11690,1.11684,1370000,1500000
2016-08-14 22:04:33.180000,1.11690,1.11684,1500000,1500000
2016-08-14 22:04:33.283000,1.11690,1.11684,3370000,1500000
2016-08-14 22:04:33.387000,1.11690,1.11684,3000000,1500000
2016-08-14 22:04:33.490000,1.11690,1.11684,3000000,2250000
2016-08-14 22:04:33.593000,1.11690,1.11684,2620000,2250000
2016-08-14 22:04:33.696000,1.11690,1.11684,2620000,1500000
2016-08-14 22:04:36.481000,1.11689,1.11684,1870000,2250000
2016-08-14 22:04:37.375000,1.11689,1.11684,1870000,1500000
2016-08-14 22:04:40.082000,1.11690,1.11684,2620000,1500000
2016-08-14 22:04:40.578000,1.11690,1.11684,2250000,2250000
2016-08-14 22:04:40.629000,1.11690,1.11684,1870000,2250000
2016-08-14 22:04:40.782000,1.11690,1.11684,1870000,1500000
2016-08-14 22:04:41.189000,1.11690,1.11684,2620000,1500000
2016-08-14 22:04:41.498000,1.11690,1.11684,2620000,2250000
2016-08-14 22:04:42.432000,1.11690,1.11684,2620000,1500000
2016-08-14 22:04:48.825000,1.11690,1.11684,2620000,2250000
2016-08-14 22:04:49.880000,1.11690,1.11684,2620000,1500000
2016-08-14 22:04:50.014000,1.11690,1.11684,2620000,2250000
2016-08-14 22:04:50.217000,1.11690,1.11684,2620000,1500000
2016-08-14 22:04:51.722000,1.11689,1.11684,1870000,1500000
2016-08-14 22:04:53.185000,1.11689,1.11684,2250000,1500000
2016-08-14 22:04:53.236000,1.11687,1.11683,4120000,1500000
2016-08-14 22:04:53.288000,1.11687,1.11683,4120000,1000000
2016-08-14 22:04:53.390000,1.11687,1.11682,1870000,1000000
2016-08-14 22:04:53.492000,1.11687,1.11683,4120000,1000000
2016-08-14 22:04:53.797000,1.11688,1.11683,2700000,1000000
2016-08-14 22:04:53.849000,1.11688,1.11683,2320000,1000000
2016-08-14 22:04:53.900000,1.11689,1.11683,2470000,2250000
2016-08-14 22:04:54.002000,1.11689,1.11683,2470000,1000000
2016-08-14 22:04:54.270000,1.11689,1.11683,2470000,2250000
2016-08-14 22:04:54.374000,1.11689,1.11683,2850000,2250000
2016-08-14 22:04:54.425000,1.11687,1.11684,1070000,1000000
2016-08-14 22:04:54.527000,1.11689,1.11683,3220000,2250000
2016-08-14 22:04:54.630000,1.11687,1.11684,1070000,2250000
2016-08-14 22:04:54.732000,1.11687,1.11684,1070000,1500000
2016-08-14 22:04:54.834000,1.11689,1.11684,2850000,1500000
2016-08-14 22:04:54.886000,1.11689,1.11684,3220000,1500000
2016-08-14 22:04:54.937000,1.11687,1.11684,1070000,2250000
2016-08-14 22:04:55.142000,1.11687,1.11683,2320000,1000000
2016-08-14 22:04:55.228000,1.11687,1.11684,1070000,2250000
2016-08-14 22:04:55.280000,1.11689,1.11684,2470000,2250000
2016-08-14 22:04:55.484000,1.11688,1.11684,1200000,2250000
2016-08-14 22:04:55.536000,1.11687,1.11683,2020000,1000000
2016-08-14 22:04:56.261000,1.11688,1.11684,1200000,1500000
2016-08-14 22:04:56.333000,1.11687,1.11683,2020000,1000000
2016-08-14 22:04:56.435000,1.11688,1.11684,1200000,2250000
2016-08-14 22:04:56.486000,1.11689,1.11684,2470000,2250000
2016-08-14 22:04:56.588000,1.11689,1.11684,2700000,2250000
2016-08-14 22:04:56.639000,1.11688,1.11683,2320000,1000000
2016-08-14 22:04:56.690000,1.11688,1.11683,2700000,1000000
2016-08-14 22:04:56.741000,1.11687,1.11683,1070000,1000000
2016-08-14 22:04:56.842000,1.11688,1.11684,1200000,1500000
2016-08-14 22:04:56.944000,1.11688,1.11683,3450000,1000000
2016-08-14 22:04:57.097000,1.11688,1.11684,3070000,1000000
2016-08-14 22:04:57.148000,1.11688,1.11684,2320000,1000000
2016-08-14 22:04:57.199000,1.11688,1.11684,2320000,2250000
2016-08-14 22:04:57.279000,1.11687,1.11684,1070000,2250000
2016-08-14 22:04:57.330000,1.11687,1.11683,1070000,1000000
2016-08-14 22:04:57.739000,1.11687,1.11684,1070000,2250000
2016-08-14 22:04:57.840000,1.11687,1.11684,1070000,1000000
2016-08-14 22:04:57.943000,1.11688,1.11684,2320000,1000000
2016-08-14 22:04:59.626000,1.11689,1.11684,2020000,1000000
2016-08-14 22:04:59.677000,1.11689,1.11684,1350000,1000000
2016-08-14 22:04:59.728000,1.11689,1.11684,1350000,1500000
2016-08-14 22:04:59.778000,1.11689,1.11684,1200000,1500000
2016-08-14 22:04:59.829000,1.11690,1.11684,1120000,1500000
2016-08-14 22:04:59.880000,1.11691,1.11684,1870000,1500000
2016-08-14 22:04:59.931000,1.11691,1.11684,1500000,2250000
2016-08-14 22:05:00.033000,1.11690,1.11684,2250000,1500000
2016-08-14 22:05:00.084000,1.11690,1.11684,2620000,1500000
2016-08-14 22:05:00.530000,1.11690,1.11684,2250000,1500000
2016-08-14 22:05:00.581000,1.11690,1.11684,2400000,2250000
2016-08-14 22:05:00.632000,1.11690,1.11684,2850000,2250000
2016-08-14 22:05:00.683000,1.11687,1.11684,1070000,2250000
2016-08-14 22:05:00.734000,1.11687,1.11684,1070000,1000000
2016-08-14 22:05:01.447000,1.11687,1.11684,1070000,1500000
