time,ask,bid,ask_volume,bid_volume
2016-05-29 21:00:02.655000,1.11138,1.11126,1500000,1500000
2016-05-29 21:00:18.761000,1.11138,1.11127,750000,750000
2016-05-29 21:00:19.345000,1.11138,1.11128,750000,750000
2016-05-29 21:00:44.967000,1.11137,1.11127,750000,1500000
2016-05-29 21:00:52.456000,1.11137,1.11125,1500000,1500000
2016-05-29 21:01:10.728000,1.11130,1.11125,750000,1500000
2016-05-29 21:01:10.896000,1.11130,1.11122,750000,370000
2016-05-29 21:01:10.947000,1.11127,1.11122,750000,370000
2016-05-29 21:01:11.299000,1.11126,1.11116,1500000,750000
2016-05-29 21:01:13.031000,1.11126,1.11117,750000,750000
2016-05-29 21:01:13.082000,1.11128,1.11117,1500000,750000
2016-05-29 21:01:13.133000,1.11126,1.11116,750000,1500000
2016-05-29 21:02:51.508000,1.11126,1.11115,1500000,1500000
2016-05-29 21:03:11.657000,1.11126,1.11116,1500000,750000
2016-05-29 21:03:11.825000,1.11134,1.11123,750000,750000
2016-05-29 21:03:13.009000,1.11134,1.11124,750000,750000
2016-05-29 21:03:14.040000,1.11134,1.11125,750000,750000
2016-05-29 21:03:25.699000,1.11134,1.11132,750000,750000
2016-05-29 21:03:25.750000,1.11139,1.11132,1500000,750000
2016-05-29 21:03:25.851000,1.11145,1.11133,2250000,1500000
2016-05-29 21:03:26.949000,1.11145,1.11134,1500000,750000
2016-05-29 21:03:27.591000,1.11142,1.11133,750000,2250000
2016-05-29 21:03:28.115000,1.11143,1.11133,750000,1500000
2016-05-29 21:03:40.942000,1.11143,1.11142,1500000,750000
2016-05-29 21:03:41.043000,1.11145,1.11142,750000,750000
2016-05-29 21:03:41.094000,1.11158,1.11144,750000,750000
2016-05-29 21:03:41.296000,1.11157,1.11137,1500000,2250000
2016-05-29 21:03:43.005000,1.11157,1.11138,1500000,750000
2016-05-29 21:03:44.997000,1.11158,1.11138,1500000,2250000
2016-05-29 21:03:47.649000,1.11155,1.11138,750000,2250000
2016-05-29 21:03:48.144000,1.11153,1.11139,1500000,1500000
2016-05-29 21:03:56.356000,1.11153,1.11141,1500000,750000
2016-05-29 21:04:00.661000,1.11153,1.11139,1500000,1500000
2016-05-29 21:04:04.673000,1.11148,1.11139,1000000,1000000
2016-05-29 21:04:05.094000,1.11146,1.11138,1000000,1000000
2016-05-29 21:04:05.737000,1.11147,1.11138,1500000,1000000
2016-05-29 21:04:08.567000,1.11147,1.11138,1500000,1190000
2016-05-29 21:04:19.235000,1.11149,1.11138,1500000,2440000
2016-05-29 21:04:19.336000,1.11147,1.11138,1500000,1190000
2016-05-29 21:05:04.938000,1.11146,1.11138,1000000,1190000
2016-05-29 21:05:19.645000,1.11145,1.11140,1500000,1250000
2016-05-29 21:05:21.072000,1.11146,1.11140,2250000,1000000
2016-05-29 21:05:21.598000,1.11145,1.11140,1500000,1000000
2016-05-29 21:05:23.494000,1.11146,1.11140,1000000,1000000
2016-05-29 21:05:24.421000,1.11146,1.11139,1000000,1250000
2016-05-29 21:05:31.633000,1.11146,1.11140,1500000,1000000
2016-05-29 21:05:40.100000,1.11146,1.11139,1500000,1250000
2016-05-29 21:05:41.142000,1.11146,1.11140,1500000,1000000
2016-05-29 21:05:41.559000,1.11146,1.11141,1500000,1190000
2016-05-29 21:05:41.966000,1.11146,1.11140,1500000,1250000
2016-05-29 21:06:13.698000,1.11146,1.11139,1500000,1250000
2016-05-29 21:06:16.469000,1.11146,1.11140,1500000,1000000
2016-05-29 21:06:27.716000,1.11146,1.11138,1000000,1190000
2016-05-29 21:06:28.717000,1.11146,1.11140,1000000,1000000
2016-05-29 21:06:33.023000,1.11146,1.11139,1000000,1250000
2016-05-29 21:06:34.774000,1.11146,1.11139,1000000,1190000
2016-05-29 21:07:05.039000,1.11147,1.11140,1500000,1250000
2016-05-29 21:07:11.445000,1.11148,1.11140,1000000,1690000
2016-05-29 21:07:12.104000,1.11147,1.11140,1500000,1250000
2016-05-29 21:07:44.980000,1.11148,1.11137,2250000,1690000
2016-05-29 21:08:25.658000,1.11146,1.11137,1000000,3190000
2016-05-29 21:09:01.016000,1.11147,1.11137,1000000,3190000
2016-05-29 21:09:32.032000,1.11148,1.11140,1000000,1250000
2016-05-29 21:09:32.583000,1.11148,1.11141,1000000,1000000
2016-05-29 21:09:33.226000,1.11149,1.11141,2250000,1000000
2016-05-29 21:09:34.186000,1.11149,1.11142,2250000,1000000
2016-05-29 21:09:46.403000,1.11149,1.11141,2250000,1500000
2016-05-29 21:09:47.405000,1.11149,1.11142,2250000,1000000
2016-05-29 21:09:48.333000,1.11149,1.11141,2250000,1500000
2016-05-29 21:09:49.521000,1.11149,1.11142,2250000,1000000
2016-05-29 21:09:53.534000,1.11149,1.11141,2250000,1500000
2016-05-29 21:09:54.060000,1.11149,1.11142,2250000,1000000
2016-05-29 21:10:05.746000,1.11149,1.11141,2250000,1500000
2016-05-29 21:10:06.279000,1.11149,1.11142,2250000,1000000
2016-05-29 21:10:09.642000,1.11149,1.11141,2250000,1500000
2016-05-29 21:10:10.293000,1.11149,1.11142,2250000,1000000
2016-05-29 21:10:20.121000,1.11149,1.11140,1500000,1690000
2016-05-29 21:10:22.339000,1.11149,1.11141,1500000,1000000
2016-05-29 21:10:24.906000,1.11149,1.11140,1500000,1250000
2016-05-29 21:10:25.474000,1.11149,1.11141,1500000,1000000
2016-05-29 21:12:10.550000,1.11149,1.11141,1500000,1570000
2016-05-29 21:12:12.670000,1.11148,1.11141,1500000,1070000
2016-05-29 21:12:12.720000,1.11145,1.11141,1000000,1000000
2016-05-29 21:12:12.974000,1.11148,1.11138,1000000,4320000
2016-05-29 21:12:13.025000,1.11149,1.11139,1000000,1770000
2016-05-29 21:12:13.533000,1.11149,1.11139,1000000,3570000
2016-05-29 21:12:17.057000,1.11144,1.11139,1000000,2630000
2016-05-29 21:12:17.159000,1.11142,1.11138,1000000,2440000
2016-05-29 21:12:17.210000,1.11142,1.11133,1000000,2630000
2016-05-29 21:12:17.362000,1.11139,1.11134,1000000,1630000
2016-05-29 21:12:17.463000,1.11138,1.11131,1000000,2820000
2016-05-29 21:12:42.077000,1.11141,1.11131,1500000,1320000
2016-05-29 21:12:46.842000,1.11141,1.11134,2250000,1000000
2016-05-29 21:13:01.072000,1.11141,1.11131,3000000,2820000
2016-05-29 21:13:03.401000,1.11140,1.11133,1000000,1570000
2016-05-29 21:14:22.533000,1.11140,1.11133,1000000,1010000
2016-05-29 21:14:29.696000,1.11140,1.11132,1000000,1760000
2016-05-29 21:14:33.750000,1.11140,1.11134,1000000,1500000
2016-05-29 21:14:34.346000,1.11139,1.11134,1000000,1500000
2016-05-29 21:14:36.900000,1.11140,1.11134,1000000,1500000
2016-05-29 21:14:45.009000,1.11140,1.11133,1000000,1500000
2016-05-29 21:15:07.779000,1.11138,1.11133,1000000,1250000
2016-05-29 21:15:11.706000,1.11140,1.11133,1000000,1250000
2016-05-29 21:15:12.036000,1.11140,1.11134,1000000,1010000
2016-05-29 21:15:12.087000,1.11142,1.11134,1000000,1690000
2016-05-29 21:15:12.290000,1.11144,1.11136,1050000,1500000
2016-05-29 21:15:12.442000,1.11147,1.11139,3040000,1000000
2016-05-29 21:15:12.746000,1.11149,1.11142,1040000,1000000
2016-05-29 21:15:21.450000,1.11149,1.11140,1040000,3000000
2016-05-29 21:15:31.380000,1.11150,1.11141,3220000,1000000
2016-05-29 21:15:31.904000,1.11149,1.11140,1220000,2250000
2016-05-29 21:15:45.257000,1.11150,1.11141,1220000,1000000
2016-05-29 21:15:49.100000,1.11150,1.11140,1220000,1500000
2016-05-29 21:16:04.873000,1.11150,1.11140,1720000,2250000
2016-05-29 21:16:06.086000,1.11150,1.11139,1720000,2320000
2016-05-29 21:16:07.130000,1.11150,1.11140,1720000,1000000
2016-05-29 21:16:11.136000,1.11150,1.11139,1720000,3070000
2016-05-29 21:16:11.737000,1.11150,1.11140,1720000,1500000
2016-05-29 21:16:21.751000,1.11149,1.11139,1220000,3070000
2016-05-29 21:16:22.254000,1.11149,1.11140,1220000,1000000
2016-05-29 21:16:27.041000,1.11150,1.11140,1720000,1000000
2016-05-29 21:16:27.561000,1.11149,1.11140,1220000,1000000
2016-05-29 21:16:38.582000,1.11149,1.11139,1220000,3750000
2016-05-29 21:16:38.886000,1.11150,1.11140,1030000,1570000
2016-05-29 21:16:52.325000,1.11151,1.11140,1280000,3820000
2016-05-29 21:16:53.514000,1.11151,1.11141,1720000,1100000
2016-05-29 21:18:01.071000,1.11150,1.11140,1030000,2320000
2016-05-29 21:18:01.577000,1.11150,1.11140,3030000,1070000
2016-05-29 21:18:13.623000,1.11150,1.11140,2470000,1100000
2016-05-29 21:18:45.656000,1.11150,1.11139,2280000,1070000
2016-05-29 21:18:46.158000,1.11150,1.11140,3030000,1100000
2016-05-29 21:18:49.010000,1.11150,1.11141,2280000,1000000
2016-05-29 21:18:50.415000,1.11150,1.11140,3030000,1100000
2016-05-29 21:19:09.334000,1.11147,1.11138,1030000,1120000
2016-05-29 21:19:09.385000,1.11147,1.11138,1030000,1100000
2016-05-29 21:19:09.926000,1.11147,1.11138,1030000,1100000
2016-05-29 21:19:18.534000,1.11147,1.11139,1030000,1000000
2016-05-29 21:19:41.069000,1.11147,1.11137,1530000,1070000
2016-05-29 21:19:44.990000,1.11147,1.11136,1030000,1120000
2016-05-29 21:19:45.520000,1.11147,1.11137,1530000,1070000
2016-05-29 21:19:48.060000,1.11147,1.11139,1030000,1000000
2016-05-29 21:19:49.182000,1.11147,1.11138,1030000,1100000
2016-05-29 21:19:49.706000,1.11147,1.11139,1030000,1000000
2016-05-29 21:19:50.484000,1.11147,1.11138,1030000,1100000
2016-05-29 21:19:51.025000,1.11147,1.11139,1030000,1000000
2016-05-29 21:19:51.796000,1.11147,1.11138,1030000,1100000
2016-05-29 21:19:52.307000,1.11147,1.11139,1030000,1000000
2016-05-29 21:19:53.628000,1.11147,1.11138,1030000,1100000
2016-05-29 21:19:54.588000,1.11147,1.11139,1030000,1000000
2016-05-29 21:19:55.690000,1.11147,1.11138,1030000,1100000
2016-05-29 21:19:56.266000,1.11147,1.11139,1030000,1000000
2016-05-29 21:19:56.792000,1.11147,1.11138,1030000,1100000
2016-05-29 21:19:57.339000,1.11147,1.11139,1030000,1000000
2016-05-29 21:19:57.918000,1.11147,1.11138,1030000,1100000
2016-05-29 21:19:58.429000,1.11147,1.11139,1030000,1000000
2016-05-29 21:19:58.955000,1.11147,1.11138,1030000,1100000
2016-05-29 21:19:59.591000,1.11147,1.11139,1030000,1000000
2016-05-29 21:20:00.599000,1.11147,1.11138,1030000,1100000
2016-05-29 21:20:01.995000,1.11147,1.11137,1030000,1070000
2016-05-29 21:20:02.535000,1.11147,1.11138,1030000,1100000
2016-05-29 21:20:03.730000,1.11147,1.11137,1030000,1070000
2016-05-29 21:20:04.708000,1.11147,1.11138,1030000,1100000
2016-05-29 21:20:10.319000,1.11147,1.11139,1030000,1000000
2016-05-29 21:20:13.706000,1.11147,1.11137,1030000,1120000
2016-05-29 21:20:14.216000,1.11147,1.11138,1030000,1070000
2016-05-29 21:20:16.426000,1.11147,1.11137,1030000,1120000
2016-05-29 21:20:17.136000,1.11147,1.11138,1030000,1070000
2016-05-29 21:20:24.542000,1.11147,1.11137,1030000,1120000
2016-05-29 21:20:25.117000,1.11147,1.11138,1030000,1070000
2016-05-29 21:20:27.062000,1.11147,1.11137,1030000,1120000
2016-05-29 21:20:27.604000,1.11147,1.11138,1030000,1070000
2016-05-29 21:20:28.122000,1.11147,1.11137,1030000,1120000
2016-05-29 21:20:28.727000,1.11147,1.11138,1030000,1070000
2016-05-29 21:20:29.645000,1.11147,1.11137,1030000,1120000
2016-05-29 21:20:30.181000,1.11147,1.11138,1030000,1070000
2016-05-29 21:20:31.524000,1.11147,1.11137,1030000,1120000
2016-05-29 21:20:32.096000,1.11147,1.11138,1030000,1070000
2016-05-29 21:20:32.608000,1.11147,1.11137,1030000,1120000
2016-05-29 21:20:33.127000,1.11147,1.11138,1030000,1070000
2016-05-29 21:20:33.677000,1.11147,1.11138,1030000,1100000
2016-05-29 21:20:41.383000,1.11147,1.11137,1030000,1070000
2016-05-29 21:20:41.884000,1.11147,1.11138,1030000,1100000
2016-05-29 21:20:44.273000,1.11147,1.11137,1030000,1070000
2016-05-29 21:20:44.836000,1.11147,1.11138,1030000,1100000
2016-05-29 21:20:46.337000,1.11147,1.11137,1030000,1070000
2016-05-29 21:20:46.838000,1.11147,1.11138,1030000,1100000
2016-05-29 21:21:02.015000,1.11147,1.11137,1530000,1000000
2016-05-29 21:21:38.722000,1.11147,1.11139,1030000,1000000
2016-05-29 21:21:39.026000,1.11150,1.11140,1210000,2620000
2016-05-29 21:22:32.271000,1.11150,1.11142,1210000,1070000
2016-05-29 21:22:34.770000,1.11150,1.11142,1210000,1500000
2016-05-29 21:22:37.959000,1.11150,1.11142,1210000,1000000
2016-05-29 21:22:39.604000,1.11148,1.11141,1530000,1000000
2016-05-29 21:22:40.146000,1.11148,1.11140,2280000,1120000
2016-05-29 21:22:40.648000,1.11149,1.11140,1280000,1870000
2016-05-29 21:22:40.699000,1.11151,1.11140,2460000,3000000
2016-05-29 21:22:41.248000,1.11150,1.11140,1210000,4500000
2016-05-29 21:23:00.624000,1.11150,1.11141,1210000,1070000
2016-05-29 21:23:01.176000,1.11150,1.11141,1210000,1000000
2016-05-29 21:23:01.835000,1.11151,1.11142,1710000,1000000
2016-05-29 21:23:09.480000,1.11151,1.11141,1710000,1570000
2016-05-29 21:23:10.787000,1.11151,1.11142,1710000,1000000
2016-05-29 21:23:15.601000,1.11149,1.11141,1280000,1100000
2016-05-29 21:23:16.461000,1.11149,1.11141,1280000,1100000
2016-05-29 21:23:20.700000,1.11149,1.11141,1710000,1100000
2016-05-29 21:23:24.807000,1.11149,1.11141,1710000,1120000
2016-05-29 21:24:12.839000,1.11144,1.11141,1000000,1120000
2016-05-29 21:24:13.143000,1.11141,1.11136,1500000,2250000
2016-05-29 21:24:13.245000,1.11140,1.11136,1500000,1870000
2016-05-29 21:24:16.069000,1.11141,1.11136,1000000,1870000
2016-05-29 21:24:22.887000,1.11141,1.11137,1000000,1570000
2016-05-29 21:24:23.076000,1.11137,1.11134,1000000,1070000
2016-05-29 21:24:24.559000,1.11137,1.11134,1000000,1070000
2016-05-29 21:24:24.752000,1.11138,1.11134,1000000,1070000
2016-05-29 21:24:42.053000,1.11139,1.11134,1000000,1070000
2016-05-29 21:24:48.317000,1.11140,1.11134,1000000,1070000
2016-05-29 21:24:59.644000,1.11141,1.11134,1000000,1070000
2016-05-29 21:25:18.332000,1.11141,1.11134,1000000,1100000
2016-05-29 21:25:24.248000,1.11142,1.11134,1000000,1100000
2016-05-29 21:25:24.603000,1.11142,1.11137,1000000,1100000
2016-05-29 21:25:24.908000,1.11148,1.11138,1210000,1070000
2016-05-29 21:26:28.523000,1.11148,1.11138,1210000,1120000
2016-05-29 21:26:55.172000,1.11149,1.11137,2440000,3000000
2016-05-29 21:26:55.781000,1.11148,1.11138,1210000,1120000
2016-05-29 21:27:12.244000,1.11149,1.11137,2460000,3000000
2016-05-29 21:27:17.777000,1.11148,1.11138,1210000,1120000
2016-05-29 21:27:18.386000,1.11147,1.11137,1270000,2620000
2016-05-29 21:27:19.337000,1.11148,1.11138,1210000,1120000
2016-05-29 21:27:23.926000,1.11148,1.11138,1210000,1070000
2016-05-29 21:28:04.428000,1.11148,1.11138,1210000,1500000
2016-05-29 21:28:32.574000,1.11149,1.11139,3210000,1070000
2016-05-29 21:28:37.295000,1.11149,1.11140,2460000,1070000
2016-05-29 21:28:37.735000,1.11149,1.11139,3190000,1120000
2016-05-29 21:28:37.786000,1.11149,1.11139,2250000,1120000
2016-05-29 21:29:14.647000,1.11149,1.11139,2250000,1070000
2016-05-29 21:29:41.089000,1.11148,1.11138,1000000,1320000
2016-05-29 21:29:47.799000,1.11149,1.11139,2250000,1080000
2016-05-29 21:30:00.184000,1.11147,1.11138,1000000,1120000
2016-05-29 21:30:00.300000,1.11147,1.11138,1000000,1760000
2016-05-29 21:30:01.209000,1.11148,1.11138,2250000,1100000
2016-05-29 21:30:01.745000,1.11147,1.11137,1000000,1070000
2016-05-29 21:30:12.963000,1.11147,1.11137,1000000,1100000
2016-05-29 21:30:16.224000,1.11147,1.11137,1190000,1000000
2016-05-29 21:30:32.314000,1.11148,1.11138,3190000,1000000
2016-05-29 21:30:37.743000,1.11148,1.11139,2440000,1000000
2016-05-29 21:30:38.258000,1.11148,1.11139,2440000,1000000
2016-05-29 21:30:39.109000,1.11148,1.11139,2440000,1000000
2016-05-29 21:30:41.010000,1.11147,1.11137,1250000,1070000
2016-05-29 21:30:57.347000,1.11148,1.11137,1690000,1070000
2016-05-29 21:31:01.029000,1.11147,1.11137,1250000,1070000
2016-05-29 21:31:15.242000,1.11148,1.11139,1690000,1000000
2016-05-29 21:31:21.058000,1.11147,1.11137,1000000,1320000
2016-05-29 21:31:28.652000,1.11148,1.11139,1500000,1000000
2016-05-29 21:31:41.068000,1.11147,1.11137,1000000,1320000
2016-05-29 21:31:46.866000,1.11149,1.11139,2250000,1000000
2016-05-29 21:31:47.995000,1.11148,1.11138,1000000,1100000
2016-05-29 21:31:48.351000,1.11148,1.11140,1000000,1940000
2016-05-29 21:31:48.898000,1.11147,1.11140,1000000,1940000
2016-05-29 21:33:41.074000,1.11150,1.11140,5250000,2020000
2016-05-29 21:33:48.262000,1.11150,1.11141,5250000,1000000
2016-05-29 21:33:49.781000,1.11150,1.11141,5250000,1000000
2016-05-29 21:33:59.010000,1.11150,1.11140,6000000,2770000
2016-05-29 21:34:01.119000,1.11149,1.11140,1000000,2020000
2016-05-29 21:34:08.078000,1.11150,1.11140,6750000,2770000
2016-05-29 21:34:11.321000,1.11150,1.11143,3000000,1000000
2016-05-29 21:34:11.833000,1.11149,1.11143,1000000,1320000
2016-05-29 21:34:21.249000,1.11149,1.11142,1000000,1260000
2016-05-29 21:34:28.946000,1.11149,1.11142,1000000,1310000
2016-05-29 21:35:06.219000,1.11149,1.11141,1500000,1310000
2016-05-29 21:35:07.337000,1.11147,1.11140,1000000,2880000
2016-05-29 21:35:07.841000,1.11148,1.11140,1000000,2880000
2016-05-29 21:35:08.472000,1.11147,1.11140,1000000,2880000
2016-05-29 21:35:12.050000,1.11148,1.11140,1500000,2880000
2016-05-29 21:35:12.645000,1.11147,1.11140,1000000,1750000
2016-05-29 21:35:13.196000,1.11146,1.11140,1000000,1750000
2016-05-29 21:35:16.754000,1.11147,1.11140,1000000,1750000
2016-05-29 21:35:18.349000,1.11146,1.11140,1000000,1750000
2016-05-29 21:35:26.970000,1.11147,1.11141,1000000,1320000
2016-05-29 21:35:28.472000,1.11146,1.11140,1000000,2500000
2016-05-29 21:35:38.166000,1.11146,1.11140,1000000,2880000
2016-05-29 21:35:40.992000,1.11147,1.11141,1000000,1310000
2016-05-29 21:35:42.595000,1.11146,1.11141,1000000,1310000
2016-05-29 21:35:45.288000,1.11147,1.11140,1000000,2880000
2016-05-29 21:35:46.278000,1.11146,1.11140,1000000,2880000
2016-05-29 21:35:46.887000,1.11147,1.11140,1000000,2880000
2016-05-29 21:35:47.419000,1.11146,1.11140,1000000,2880000
2016-05-29 21:36:01.125000,1.11147,1.11140,1000000,2130000
2016-05-29 21:36:01.851000,1.11146,1.11140,1000000,2130000
2016-05-29 21:36:02.393000,1.11147,1.11140,1000000,2130000
2016-05-29 21:36:03.321000,1.11147,1.11140,1000000,1750000
2016-05-29 21:36:03.829000,1.11146,1.11140,1000000,1750000
2016-05-29 21:36:20.358000,1.11147,1.11140,1000000,2500000
2016-05-29 21:36:21.048000,1.11146,1.11140,1000000,2500000
2016-05-29 21:36:21.657000,1.11147,1.11140,1000000,2500000
2016-05-29 21:36:22.334000,1.11148,1.11140,1500000,1750000
2016-05-29 21:36:29.792000,1.11148,1.11143,2250000,1000000
2016-05-29 21:36:30.398000,1.11148,1.11141,2250000,1320000
2016-05-29 21:37:10.177000,1.11147,1.11140,1000000,1750000
2016-05-29 21:37:28.575000,1.11148,1.11140,1500000,1310000
2016-05-29 21:37:29.126000,1.11147,1.11140,1000000,1310000
2016-05-29 21:37:34.779000,1.11148,1.11140,1000000,1750000
2016-05-29 21:37:36.171000,1.11148,1.11140,1000000,1750000
2016-05-29 21:37:44.082000,1.11148,1.11140,1000000,1750000
2016-05-29 21:37:47.966000,1.11147,1.11140,1000000,1750000
2016-05-29 21:37:49.189000,1.11148,1.11140,1000000,1750000
2016-05-29 21:37:49.735000,1.11147,1.11140,1000000,1750000
2016-05-29 21:38:01.388000,1.11147,1.11140,1000000,1450000
2016-05-29 21:38:29.763000,1.11147,1.11140,1000000,1750000
2016-05-29 21:39:16.676000,1.11149,1.11140,1000000,1750000
2016-05-29 21:39:24.872000,1.11149,1.11139,1000000,3250000
2016-05-29 21:39:47.959000,1.11150,1.11141,1000000,1010000
2016-05-29 21:40:01.116000,1.11148,1.11140,1000000,1450000
2016-05-29 21:40:28.366000,1.11148,1.11140,1000000,1750000
2016-05-29 21:40:29.226000,1.11148,1.11140,1000000,1750000
2016-05-29 21:40:36.925000,1.11148,1.11140,1000000,1450000
2016-05-29 21:40:42.279000,1.11148,1.11140,1000000,1750000
2016-05-29 21:40:46.851000,1.11149,1.11140,1000000,1750000
2016-05-29 21:40:48.347000,1.11150,1.11141,5250000,1320000
2016-05-29 21:41:05.465000,1.11149,1.11140,1000000,1450000
2016-05-29 21:42:35.914000,1.11147,1.11139,1000000,1700000
2016-05-29 21:42:36.117000,1.11149,1.11139,2250000,4000000
2016-05-29 21:42:36.655000,1.11150,1.11141,1250000,1570000
2016-05-29 21:42:44.291000,1.11150,1.11142,1000000,1760000
2016-05-29 21:42:44.645000,1.11153,1.11143,1500000,1070000
2016-05-29 21:42:45.162000,1.11153,1.11143,1500000,1010000
2016-05-29 21:42:48.042000,1.11152,1.11142,1000000,2510000
2016-05-29 21:42:57.759000,1.11154,1.11144,4500000,1070000
2016-05-29 21:43:20.266000,1.11155,1.11143,2250000,2810000
2016-05-29 21:43:21.102000,1.11155,1.11143,2250000,3260000
2016-05-29 21:43:21.737000,1.11154,1.11144,1000000,1000000
2016-05-29 21:43:22.242000,1.11153,1.11143,1000000,3260000
2016-05-29 21:43:29.875000,1.11154,1.11144,1000000,1000000
2016-05-29 21:44:19.682000,1.11155,1.11143,1570000,2510000
2016-05-29 21:44:25.878000,1.11155,1.11143,1500000,2510000
2016-05-29 21:44:32.309000,1.11154,1.11144,1000000,1100000
2016-05-29 21:44:50.141000,1.11155,1.11143,2250000,3070000
2016-05-29 21:45:05.519000,1.11154,1.11144,1000000,1100000
2016-05-29 21:45:07.721000,1.11154,1.11143,1000000,1760000
2016-05-29 21:45:08.398000,1.11154,1.11144,1000000,1000000
2016-05-29 21:45:20.165000,1.11153,1.11143,1000000,1760000
2016-05-29 21:45:22.355000,1.11154,1.11144,1000000,1000000
2016-05-29 21:45:46.373000,1.11154,1.11144,1010000,1000000
2016-05-29 21:45:48.463000,1.11153,1.11143,1010000,3260000
2016-05-29 21:47:10.755000,1.11152,1.11143,1000000,1000000
2016-05-29 21:47:10.958000,1.11151,1.11140,1690000,1270000
2016-05-29 21:47:30.687000,1.11152,1.11140,2440000,1270000
2016-05-29 21:47:31.679000,1.11151,1.11140,1000000,1270000
2016-05-29 21:47:34.399000,1.11150,1.11141,1000000,1100000
2016-05-29 21:48:11.285000,1.11148,1.11140,1000000,1270000
2016-05-29 21:48:11.819000,1.11148,1.11140,1250000,5770000
2016-05-29 21:48:12.450000,1.11147,1.11140,1000000,5020000
2016-05-29 21:48:14.753000,1.11148,1.11140,1690000,5020000
2016-05-29 21:48:15.427000,1.11147,1.11140,1000000,5770000
2016-05-29 21:48:17.789000,1.11147,1.11141,1000000,1000000
2016-05-29 21:48:18.042000,1.11150,1.11140,1690000,1270000
2016-05-29 21:48:18.564000,1.11150,1.11140,1690000,1190000
2016-05-29 21:48:34.296000,1.11151,1.11139,3190000,1940000
2016-05-29 21:48:40.110000,1.11150,1.11140,1000000,1190000
2016-05-29 21:48:40.645000,1.11151,1.11141,2440000,1000000
2016-05-29 21:48:41.149000,1.11150,1.11140,1690000,1270000
2016-05-29 21:49:01.045000,1.11150,1.11141,1250000,1000000
2016-05-29 21:49:01.681000,1.11151,1.11141,1690000,1000000
2016-05-29 21:49:36.390000,1.11150,1.11140,1690000,1100000
2016-05-29 21:49:52.662000,1.11150,1.11141,1250000,1000000
2016-05-29 21:49:53.203000,1.11151,1.11143,1250000,1000000
2016-05-29 21:49:53.354000,1.11153,1.11143,1690000,1000000
2016-05-29 21:50:02.485000,1.11152,1.11142,1000000,1500000
2016-05-29 21:50:07.368000,1.11152,1.11141,2440000,1000000
2016-05-29 21:50:08.569000,1.11152,1.11142,3190000,1000000
2016-05-29 21:50:40.214000,1.11153,1.11143,1690000,1000000
2016-05-29 21:50:41.400000,1.11152,1.11142,1000000,1000000
2016-05-29 21:50:44.928000,1.11152,1.11141,1690000,1000000
2016-05-29 21:50:45.799000,1.11152,1.11142,3190000,1000000
2016-05-29 21:50:48.801000,1.11152,1.11141,1690000,1000000
2016-05-29 21:50:51.603000,1.11152,1.11142,2460000,1000000
2016-05-29 21:51:36.827000,1.11149,1.11142,1190000,1000000
2016-05-29 21:51:37.328000,1.11149,1.11141,1690000,1000000
2016-05-29 21:51:39.148000,1.11147,1.11141,1000000,1000000
2016-05-29 21:51:41.456000,1.11148,1.11141,1250000,1000000
2016-05-29 21:51:42.135000,1.11147,1.11141,1000000,1000000
2016-05-29 21:51:43.161000,1.11148,1.11141,1250000,1000000
2016-05-29 21:51:45.969000,1.11147,1.11141,1000000,1000000
2016-05-29 21:52:10.065000,1.11147,1.11140,1000000,4190000
2016-05-29 21:52:14.251000,1.11148,1.11140,1250000,1190000
2016-05-29 21:52:16.640000,1.11147,1.11140,1000000,1190000
2016-05-29 21:52:23.476000,1.11147,1.11139,1000000,2130000
2016-05-29 21:52:23.977000,1.11147,1.11139,1000000,2130000
2016-05-29 21:52:29.154000,1.11148,1.11140,1250000,1190000
2016-05-29 21:52:30.162000,1.11147,1.11140,1000000,1190000
2016-05-29 21:52:34.170000,1.11148,1.11140,1250000,1190000
2016-05-29 21:52:35.285000,1.11147,1.11139,1000000,2130000
2016-05-29 21:52:37.926000,1.11147,1.11141,1000000,1500000
2016-05-29 21:52:42.023000,1.11147,1.11142,1000000,1000000
2016-05-29 21:52:46.186000,1.11148,1.11142,1250000,1000000
2016-05-29 21:52:46.848000,1.11147,1.11142,1000000,1000000
2016-05-29 21:52:50.192000,1.11148,1.11142,1250000,1000000
2016-05-29 21:52:51.078000,1.11147,1.11142,1000000,1000000
2016-05-29 21:52:53.142000,1.11147,1.11141,1000000,1000000
2016-05-29 21:53:06.231000,1.11148,1.11141,1250000,1000000
2016-05-29 21:53:06.947000,1.11147,1.11141,1000000,1000000
2016-05-29 21:53:08.957000,1.11147,1.11140,1000000,3440000
2016-05-29 21:53:09.471000,1.11147,1.11141,1000000,1000000
2016-05-29 21:53:09.973000,1.11148,1.11141,1250000,1000000
2016-05-29 21:53:10.518000,1.11147,1.11140,2250000,1190000
2016-05-29 21:53:30.782000,1.11147,1.11140,2250000,1270000
2016-05-29 21:53:31.288000,1.11148,1.11141,1250000,1100000
2016-05-29 21:54:01.436000,1.11149,1.11141,1690000,1000000
2016-05-29 21:54:02.119000,1.11148,1.11141,1000000,1000000
2016-05-29 21:54:41.737000,1.11148,1.11139,1250000,2950000
2016-05-29 21:54:51.545000,1.11148,1.11141,1250000,1000000
2016-05-29 21:54:54.852000,1.11148,1.11139,1250000,2880000
2016-05-29 21:54:59.628000,1.11148,1.11141,1250000,1000000
2016-05-29 21:55:01.018000,1.11148,1.11139,1250000,2880000
2016-05-29 21:55:01.627000,1.11148,1.11139,1250000,2880000
2016-05-29 21:55:09.216000,1.11148,1.11141,1250000,1000000
2016-05-29 21:55:45.719000,1.11149,1.11143,1190000,1000000
2016-05-29 21:55:46.717000,1.11149,1.11144,1190000,1000000
2016-05-29 21:55:56.654000,1.11149,1.11143,1190000,1000000
2016-05-29 21:56:06.344000,1.11149,1.11142,1190000,1500000
2016-05-29 21:56:07.550000,1.11149,1.11143,1190000,1000000
2016-05-29 21:56:13.271000,1.11149,1.11142,1190000,1000000
2016-05-29 21:56:13.878000,1.11149,1.11143,1190000,1000000
2016-05-29 21:56:23.097000,1.11151,1.11145,1500000,1000000
2016-05-29 21:56:23.199000,1.11152,1.11147,1690000,1000000
2016-05-29 21:56:23.977000,1.11155,1.11147,1300000,1000000
2016-05-29 21:56:24.523000,1.11155,1.11147,1780000,1000000
2016-05-29 21:56:25.029000,1.11155,1.11146,1780000,3750000
2016-05-29 21:56:26.780000,1.11155,1.11146,1780000,3750000
2016-05-29 21:56:28.727000,1.11155,1.11147,1700000,1000000
2016-05-29 21:56:31.584000,1.11155,1.11146,2450000,4500000
2016-05-29 21:56:39.329000,1.11152,1.11144,1020000,2250000
2016-05-29 21:56:43.232000,1.11154,1.11144,3770000,1500000
2016-05-29 21:56:43.772000,1.11153,1.11144,1020000,1500000
2016-05-29 21:56:46.029000,1.11154,1.11144,3770000,1500000
2016-05-29 21:56:46.679000,1.11152,1.11144,1020000,1500000
2016-05-29 21:56:50.576000,1.11152,1.11143,3190000,1500000
2016-05-29 21:57:38.441000,1.11153,1.11143,4700000,1500000
2016-05-29 21:57:44.459000,1.11153,1.11143,3200000,2250000
2016-05-29 21:58:08.873000,1.11152,1.11142,1700000,1000000
2016-05-29 21:58:11,1.11151,1.11141,1000000,2250000
2016-05-29 21:58:12.862000,1.11151,1.11144,1000000,1000000
2016-05-29 21:58:12.964000,1.11152,1.11142,1700000,3190000
2016-05-29 21:58:13.066000,1.11152,1.11145,1270000,1000000
2016-05-29 21:58:46.805000,1.11152,1.11144,1020000,1500000
2016-05-29 21:58:47.059000,1.11152,1.11142,1700000,1000000
2016-05-29 21:58:47.584000,1.11153,1.11143,1700000,1000000
2016-05-29 21:58:49.342000,1.11151,1.11141,1000000,2250000
2016-05-29 21:58:53.824000,1.11152,1.11142,1700000,1000000
2016-05-29 21:58:56.003000,1.11154,1.11144,4700000,1000000
2016-05-29 21:59:00.639000,1.11153,1.11143,1020000,1000000
2016-05-29 21:59:04.522000,1.11152,1.11142,1700000,3000000
2016-05-29 21:59:16.259000,1.11154,1.11143,3280000,750000
2016-05-29 21:59:16.766000,1.11152,1.11142,1700000,750000
2016-05-29 21:59:23.852000,1.11150,1.11141,750000,1500000
2016-05-29 21:59:24.408000,1.11150,1.11140,1500000,4940000
2016-05-29 21:59:25.136000,1.11150,1.11142,750000,1500000
2016-05-29 21:59:25.439000,1.11152,1.11143,950000,750000
2016-05-29 21:59:29.670000,1.11153,1.11144,1520000,750000
2016-05-29 21:59:29.951000,1.11152,1.11142,770000,3000000
2016-05-29 21:59:32.450000,1.11152,1.11143,1700000,750000
2016-05-29 21:59:32.759000,1.11153,1.11145,950000,750000
2016-05-29 21:59:34.081000,1.11153,1.11144,950000,3000000
2016-05-29 21:59:34.695000,1.11153,1.11143,1700000,4690000
2016-05-29 21:59:34.999000,1.11151,1.11141,750000,750000
2016-05-29 21:59:35.602000,1.11152,1.11142,1700000,750000
2016-05-29 21:59:39.078000,1.11151,1.11142,750000,1500000
2016-05-29 21:59:39.186000,1.11153,1.11144,1700000,750000
2016-05-29 21:59:42.954000,1.11153,1.11144,950000,1500000
2016-05-29 21:59:43.291000,1.11153,1.11150,950000,600000
2016-05-29 21:59:45.617000,1.11150,1.11145,150000,1500000
2016-05-29 21:59:45.977000,1.11150,1.11143,150000,750000
2016-05-29 21:59:46.078000,1.11150,1.11145,150000,750000
2016-05-29 21:59:49.449000,1.11150,1.11142,150000,750000
2016-05-29 21:59:49.855000,1.11150,1.11144,150000,750000
2016-05-29 21:59:50.555000,1.11150,1.11143,150000,750000
2016-05-29 21:59:52.966000,1.11150,1.11142,150000,750000
2016-05-29 22:00:00.160000,1.11144,1.11142,750000,1500000
2016-05-29 22:00:00.312000,1.11145,1.11140,190000,1500000
2016-05-29 22:00:00.414000,1.11147,1.11139,3110000,2250000
2016-05-29 22:00:00.581000,1.11148,1.11147,1610000,750000
2016-05-29 22:00:00.634000,1.11149,1.11148,750000,1500000
2016-05-29 22:00:00.792000,1.11152,1.11151,760000,750000
2016-05-29 22:00:00.843000,1.11154,1.11151,760000,1500000
2016-05-29 22:00:01.348000,1.11155,1.11148,950000,1500000
2016-05-29 22:00:01.449000,1.11153,1.11146,760000,1500000
2016-05-29 22:00:01.754000,1.11153,1.11151,760000,750000
2016-05-29 22:00:02.035000,1.11150,1.11144,190000,2250000
2016-05-29 22:00:02.697000,1.11151,1.11144,940000,2250000
2016-05-29 22:00:03.356000,1.11151,1.11145,940000,750000
2016-05-29 22:00:03.878000,1.11153,1.11145,3200000,2250000
2016-05-29 22:00:04.698000,1.11151,1.11145,940000,2250000
2016-05-29 22:00:05.322000,1.11153,1.11145,1510000,2250000
2016-05-29 22:00:06.094000,1.11153,1.11145,1510000,2250000
2016-05-29 22:00:06.601000,1.11153,1.11145,1510000,2250000
2016-05-29 22:00:08.670000,1.11153,1.11145,2260000,2250000
2016-05-29 22:00:08.911000,1.11151,1.11143,940000,750000
2016-05-29 22:00:09.453000,1.11151,1.11144,1690000,1500000
2016-05-29 22:00:09.958000,1.11151,1.11143,1690000,2250000
2016-05-29 22:00:10.497000,1.11151,1.11144,1690000,1500000
2016-05-29 22:00:11.262000,1.11151,1.11143,1690000,2250000
2016-05-29 22:00:11.579000,1.11149,1.11144,750000,750000
2016-05-29 22:00:11.681000,1.11151,1.11144,1690000,1500000
2016-05-29 22:00:11.783000,1.11151,1.11142,1690000,1500000
2016-05-29 22:00:11.884000,1.11151,1.11144,2440000,750000
2016-05-29 22:00:12.207000,1.11151,1.11142,1690000,3000000
2016-05-29 22:00:12.259000,1.11151,1.11144,1690000,750000
2016-05-29 22:00:12.562000,1.11151,1.11142,2440000,1500000
2016-05-29 22:00:12.664000,1.11151,1.11144,1690000,750000
2016-05-29 22:00:12.973000,1.11151,1.11142,2440000,750000
2016-05-29 22:00:13.075000,1.11151,1.11144,1690000,750000
2016-05-29 22:00:13.380000,1.11151,1.11142,1690000,2250000
2016-05-29 22:00:13.481000,1.11151,1.11144,940000,750000
2016-05-29 22:00:13.789000,1.11151,1.11142,2440000,1500000
2016-05-29 22:00:13.985000,1.11151,1.11144,3190000,1500000
2016-05-29 22:00:14.559000,1.11151,1.11146,940000,750000
2016-05-29 22:00:14.762000,1.11151,1.11144,940000,3000000
2016-05-29 22:00:15.178000,1.11151,1.11148,1690000,750000
2016-05-29 22:00:15.381000,1.11152,1.11144,1690000,1500000
2016-05-29 22:00:15.930000,1.11152,1.11143,1020000,3000000
2016-05-29 22:00:16.464000,1.11152,1.11144,950000,750000
2016-05-29 22:00:20.182000,1.11152,1.11143,1700000,3000000
2016-05-29 22:00:21.386000,1.11152,1.11144,950000,750000
2016-05-29 22:00:22.389000,1.11152,1.11143,940000,3000000
2016-05-29 22:00:22.893000,1.11152,1.11144,950000,750000
2016-05-29 22:00:24.382000,1.11151,1.11144,750000,750000
2016-05-29 22:00:24.534000,1.11151,1.11142,1500000,6190000
2016-05-29 22:00:25.040000,1.11150,1.11142,940000,4500000
2016-05-29 22:00:27.426000,1.11150,1.11143,940000,750000
2016-05-29 22:00:27.935000,1.11150,1.11142,940000,3750000
2016-05-29 22:00:31.120000,1.11150,1.11141,2440000,3000000
2016-05-29 22:00:31.845000,1.11150,1.11142,2440000,750000
2016-05-29 22:00:32.369000,1.11150,1.11141,2440000,3000000
2016-05-29 22:00:33.823000,1.11150,1.11142,2440000,750000
2016-05-29 22:00:35.929000,1.11150,1.11143,2440000,750000
2016-05-29 22:00:36.717000,1.11150,1.11142,2440000,1500000
2016-05-29 22:00:37.525000,1.11150,1.11143,2440000,750000
2016-05-29 22:00:38.453000,1.11150,1.11142,2440000,1500000
2016-05-29 22:00:40.841000,1.11150,1.11141,2440000,3000000
2016-05-29 22:00:41.359000,1.11149,1.11141,2250000,750000
2016-05-29 22:00:44.380000,1.11146,1.11141,940000,750000
2016-05-29 22:00:44.431000,1.11146,1.11139,940000,3750000
2016-05-29 22:00:44.533000,1.11144,1.11139,1690000,2250000
2016-05-29 22:00:44.635000,1.11144,1.11137,3190000,2250000
2016-05-29 22:00:45.057000,1.11141,1.11136,940000,750000
2016-05-29 22:00:45.209000,1.11141,1.11134,940000,1500000
2016-05-29 22:00:46.801000,1.11141,1.11132,940000,3000000
2016-05-29 22:00:47.256000,1.11138,1.11132,940000,1500000
2016-05-29 22:00:47.794000,1.11138,1.11133,940000,750000
2016-05-29 22:00:51.061000,1.11138,1.11132,940000,1500000
2016-05-29 22:00:51.563000,1.11138,1.11133,940000,750000
2016-05-29 22:00:52.562000,1.11138,1.11134,940000,750000
2016-05-29 22:00:53.116000,1.11138,1.11133,940000,1500000
2016-05-29 22:00:53.628000,1.11140,1.11134,3190000,750000
2016-05-29 22:00:58.882000,1.11140,1.11133,940000,1500000
2016-05-29 22:01:00.700000,1.11140,1.11134,940000,750000
2016-05-29 22:01:01.236000,1.11140,1.11133,940000,1500000
2016-05-29 22:01:04.978000,1.11142,1.11133,190000,1500000
2016-05-29 22:01:07.878000,1.11141,1.11133,750000,750000
2016-05-29 22:01:26.906000,1.11141,1.11132,750000,1500000
2016-05-29 22:01:27.460000,1.11141,1.11133,750000,750000
2016-05-29 22:01:30.365000,1.11141,1.11134,750000,750000
2016-05-29 22:01:30.922000,1.11141,1.11133,750000,750000
2016-05-29 22:01:31.253000,1.11141,1.11131,750000,7500000
2016-05-29 22:01:33.934000,1.11141,1.11132,750000,750000
2016-05-29 22:02:08.523000,1.11141,1.11133,3190000,750000
2016-05-29 22:02:09.607000,1.11141,1.11132,3190000,1500000
2016-05-29 22:02:11.721000,1.11141,1.11133,190000,750000
2016-05-29 22:02:12.246000,1.11141,1.11132,940000,750000
2016-05-29 22:02:19.744000,1.11140,1.11132,190000,750000
2016-05-29 22:02:21.641000,1.11142,1.11133,1690000,750000
2016-05-29 22:02:22.152000,1.11142,1.11132,1690000,3000000
2016-05-29 22:02:22.688000,1.11141,1.11133,750000,750000
2016-05-29 22:02:31.135000,1.11141,1.11132,750000,750000
2016-05-29 22:02:32.005000,1.11141,1.11133,750000,750000
2016-05-29 22:02:32.942000,1.11141,1.11132,750000,750000
2016-05-29 22:02:37.625000,1.11141,1.11136,750000,750000
2016-05-29 22:02:38.149000,1.11141,1.11135,750000,750000
2016-05-29 22:02:38.252000,1.11141,1.11133,750000,750000
2016-05-29 22:02:41.783000,1.11141,1.11132,750000,2250000
2016-05-29 22:02:41.936000,1.11140,1.11134,940000,750000
2016-05-29 22:02:43.023000,1.11140,1.11133,940000,750000
2016-05-29 22:02:43.571000,1.11141,1.11134,190000,1500000
2016-05-29 22:02:44.466000,1.11140,1.11134,750000,750000
2016-05-29 22:02:44.977000,1.11141,1.11134,2440000,750000
2016-05-29 22:02:45.028000,1.11141,1.11132,190000,1500000
2016-05-29 22:02:45.648000,1.11141,1.11133,190000,750000
2016-05-29 22:02:55.267000,1.11141,1.11132,190000,750000
2016-05-29 22:02:59.133000,1.11141,1.11133,190000,750000
2016-05-29 22:02:59.639000,1.11141,1.11134,190000,750000
2016-05-29 22:03:01.194000,1.11141,1.11133,190000,750000
2016-05-29 22:03:01.724000,1.11141,1.11134,190000,750000
2016-05-29 22:03:02.473000,1.11141,1.11133,190000,1500000
2016-05-29 22:03:03.141000,1.11141,1.11134,190000,750000
2016-05-29 22:03:03.679000,1.11141,1.11133,190000,750000
2016-05-29 22:03:03.780000,1.11143,1.11135,4310000,750000
2016-05-29 22:03:07.784000,1.11143,1.11134,2060000,750000
2016-05-29 22:03:08.388000,1.11143,1.11135,1310000,750000
2016-05-29 22:03:10.984000,1.11143,1.11134,1310000,750000
2016-05-29 22:03:11.511000,1.11142,1.11134,1500000,750000
2016-05-29 22:03:16.845000,1.11142,1.11133,1500000,2250000
2016-05-29 22:03:17.356000,1.11142,1.11135,750000,750000
2016-05-29 22:03:17.884000,1.11143,1.11135,1310000,750000
2016-05-29 22:03:21.256000,1.11143,1.11134,2060000,750000
2016-05-29 22:03:21.864000,1.11143,1.11135,1310000,750000
2016-05-29 22:03:24.182000,1.11143,1.11134,1310000,1500000
2016-05-29 22:03:24.698000,1.11143,1.11135,1310000,750000
2016-05-29 22:03:25.257000,1.11143,1.11134,1310000,4500000
2016-05-29 22:03:25.561000,1.11143,1.11136,1310000,750000
2016-05-29 22:03:25.764000,1.11143,1.11134,1310000,1500000
2016-05-29 22:03:26.271000,1.11142,1.11134,1500000,3000000
2016-05-29 22:03:31.158000,1.11142,1.11136,1500000,750000
2016-05-29 22:03:31.664000,1.11142,1.11137,1500000,750000
2016-05-29 22:03:32.170000,1.11142,1.11135,1500000,3750000
2016-05-29 22:03:37.742000,1.11142,1.11136,1500000,750000
2016-05-29 22:03:38.318000,1.11142,1.11135,1500000,4500000
2016-05-29 22:03:41.202000,1.11142,1.11134,1500000,3000000
2016-05-29 22:03:41.708000,1.11142,1.11135,1500000,750000
2016-05-29 22:03:42.239000,1.11142,1.11134,1500000,2250000
2016-05-29 22:03:48.555000,1.11142,1.11135,1500000,1500000
2016-05-29 22:03:49.422000,1.11143,1.11135,1500000,750000
2016-05-29 22:03:49.951000,1.11142,1.11135,750000,750000
2016-05-29 22:03:51.443000,1.11143,1.11135,1500000,750000
2016-05-29 22:03:53.533000,1.11142,1.11135,750000,750000
2016-05-29 22:03:55.594000,1.11142,1.11134,750000,3750000
2016-05-29 22:03:56.123000,1.11142,1.11135,1500000,750000
2016-05-29 22:03:59.099000,1.11142,1.11134,1500000,6000000
2016-05-29 22:03:59.655000,1.11142,1.11135,1500000,750000
2016-05-29 22:04:08.957000,1.11142,1.11136,1500000,1000000
2016-05-29 22:04:09.474000,1.11142,1.11135,1500000,1000000
2016-05-29 22:04:16.825000,1.11142,1.11136,1500000,1000000
2016-05-29 22:04:17.341000,1.11142,1.11135,1500000,1500000
2016-05-29 22:04:17.890000,1.11141,1.11136,1250000,1000000
2016-05-29 22:04:25.286000,1.11140,1.11136,1000000,1000000
2016-05-29 22:04:25.533000,1.11137,1.11134,2620000,1000000
2016-05-29 22:04:25.635000,1.11137,1.11129,2620000,1000000
2016-05-29 22:04:25.737000,1.11137,1.11127,4310000,1500000
2016-05-29 22:04:25.839000,1.11137,1.11129,2810000,1000000
2016-05-29 22:04:25.940000,1.11137,1.11127,2810000,1500000
2016-05-29 22:04:26.144000,1.11137,1.11129,2060000,1000000
2016-05-29 22:04:26.246000,1.11137,1.11127,2620000,1000000
2016-05-29 22:04:26.449000,1.11137,1.11129,2810000,1000000
2016-05-29 22:04:26.955000,1.11137,1.11128,1250000,1000000
2016-05-29 22:04:27.478000,1.11137,1.11127,2060000,1500000
2016-05-29 22:04:27.985000,1.11137,1.11128,3560000,1000000
2016-05-29 22:04:28.490000,1.11137,1.11129,2810000,1000000
2016-05-29 22:04:28.642000,1.11137,1.11127,4310000,1000000
2016-05-29 22:04:28.845000,1.11137,1.11129,3560000,1000000
2016-05-29 22:04:29.047000,1.11137,1.11127,3560000,1000000
2016-05-29 22:04:29.250000,1.11137,1.11129,1250000,1000000
2016-05-29 22:04:29.417000,1.11137,1.11127,3560000,1000000
2016-05-29 22:04:29.822000,1.11137,1.11129,2060000,1000000
2016-05-29 22:04:33.504000,1.11134,1.11129,1120000,1000000
2016-05-29 22:04:33.556000,1.11134,1.11127,1870000,3750000
2016-05-29 22:04:34.089000,1.11135,1.11126,2060000,1000000
2016-05-29 22:04:34.592000,1.11135,1.11127,1310000,1000000
2016-05-29 22:04:39.827000,1.11135,1.11128,1310000,1000000
2016-05-29 22:04:40.435000,1.11135,1.11127,1120000,1000000
2016-05-29 22:04:40.941000,1.11135,1.11126,1120000,1000000
2016-05-29 22:04:41.478000,1.11135,1.11127,1120000,1000000
2016-05-29 22:04:43.249000,1.11131,1.11127,1120000,1000000
2016-05-29 22:04:45.058000,1.11131,1.11125,1120000,1500000
2016-05-29 22:04:45.677000,1.11131,1.11126,2060000,1000000
2016-05-29 22:04:51.948000,1.11131,1.11125,1250000,1000000
2016-05-29 22:04:52.051000,1.11133,1.11125,1120000,1000000
2016-05-29 22:04:54.983000,1.11133,1.11127,1120000,1000000
2016-05-29 22:04:55.533000,1.11133,1.11128,1120000,1000000
2016-05-29 22:04:58.870000,1.11133,1.11127,1120000,1000000
2016-05-29 22:05:01.270000,1.11133,1.11126,3560000,1500000
2016-05-29 22:05:02.194000,1.11133,1.11127,1690000,1000000
2016-05-29 22:05:07.665000,1.11133,1.11125,4310000,1500000
2016-05-29 22:05:08.171000,1.11130,1.11124,1000000,1000000
2016-05-29 22:05:08.520000,1.11127,1.11121,1220000,1000000
2016-05-29 22:05:09.028000,1.11128,1.11120,3410000,1000000
2016-05-29 22:05:09.534000,1.11128,1.11121,2660000,1000000
2016-05-29 22:05:11.133000,1.11128,1.11125,1690000,1000000
2016-05-29 22:05:11.285000,1.11131,1.11127,1120000,1000000
2016-05-29 22:05:11.438000,1.11131,1.11125,2620000,1500000
2016-05-29 22:05:11.742000,1.11131,1.11127,2060000,1000000
2016-05-29 22:05:12.261000,1.11131,1.11126,1690000,1000000
2016-05-29 22:05:12.805000,1.11131,1.11125,2810000,1000000
2016-05-29 22:05:17.141000,1.11131,1.11126,2810000,1000000
2016-05-29 22:05:17.445000,1.11130,1.11124,1250000,1000000
2016-05-29 22:05:18.165000,1.11130,1.11123,1250000,1500000
2016-05-29 22:05:20.898000,1.11131,1.11124,1190000,1000000
2016-05-29 22:05:20.949000,1.11133,1.11124,5620000,2250000
2016-05-29 22:05:21.455000,1.11133,1.11123,1870000,5170000
2016-05-29 22:05:22.006000,1.11133,1.11124,1120000,3670000
2016-05-29 22:05:26.313000,1.11133,1.11125,1120000,1000000
2016-05-29 22:05:26.415000,1.11133,1.11123,1120000,3000000
2016-05-29 22:05:26.969000,1.11133,1.11124,1120000,1000000
2016-05-29 22:05:29.085000,1.11133,1.11125,1120000,1000000
2016-05-29 22:05:29.669000,1.11133,1.11126,1120000,1000000
2016-05-29 22:05:32.817000,1.11133,1.11124,1120000,1500000
2016-05-29 22:05:34.575000,1.11133,1.11125,3370000,1000000
2016-05-29 22:05:37.123000,1.11133,1.11124,3370000,1000000
2016-05-29 22:05:38.378000,1.11133,1.11125,3370000,1000000
2016-05-29 22:05:38.887000,1.11133,1.11124,3370000,1000000
2016-05-29 22:05:44.104000,1.11133,1.11125,3370000,1000000
2016-05-29 22:05:44.308000,1.11133,1.11123,3370000,2250000
2016-05-29 22:05:44.813000,1.11132,1.11125,2440000,1000000
2016-05-29 22:05:49.321000,1.11132,1.11124,2440000,1000000
2016-05-29 22:05:53.019000,1.11132,1.11125,2440000,1000000
2016-05-29 22:05:53.804000,1.11132,1.11126,2440000,1000000
2016-05-29 22:05:54.322000,1.11133,1.11125,2810000,1000000
2016-05-29 22:05:54.424000,1.11134,1.11126,4310000,1000000
2016-05-29 22:05:54.950000,1.11134,1.11125,3560000,1000000
2016-05-29 22:05:55.475000,1.11134,1.11126,4120000,1000000
2016-05-29 22:06:06.130000,1.11134,1.11127,4310000,1000000
2016-05-29 22:06:06.634000,1.11134,1.11126,5060000,1000000
2016-05-29 22:06:07.250000,1.11134,1.11125,5060000,1000000
2016-05-29 22:06:08.814000,1.11134,1.11124,4310000,1000000
2016-05-29 22:06:09.347000,1.11134,1.11126,5060000,1000000
2016-05-29 22:06:09.866000,1.11134,1.11125,5060000,1000000
2016-05-29 22:06:10.810000,1.11134,1.11126,4310000,1000000
2016-05-29 22:06:12.734000,1.11134,1.11127,2060000,1000000
2016-05-29 22:06:13.039000,1.11136,1.11127,1500000,1000000
2016-05-29 22:06:13.865000,1.11136,1.11128,2250000,1000000
2016-05-29 22:06:14.119000,1.11137,1.11130,1000000,1000000
2016-05-29 22:06:14.322000,1.11137,1.11128,3000000,1500000
2016-05-29 22:06:14.826000,1.11138,1.11128,3750000,1000000
2016-05-29 22:06:15.334000,1.11138,1.11127,3750000,1000000
2016-05-29 22:06:15.650000,1.11137,1.11129,1000000,1000000
2016-05-29 22:06:17.143000,1.11138,1.11128,1500000,1000000
2016-05-29 22:06:17.650000,1.11138,1.11129,3000000,1000000
2016-05-29 22:06:21.144000,1.11137,1.11129,1000000,1000000
2016-05-29 22:06:21.672000,1.11138,1.11129,3000000,1000000
2016-05-29 22:06:25.040000,1.11138,1.11127,3000000,1000000
2016-05-29 22:06:25.544000,1.11137,1.11128,3000000,1000000
2016-05-29 22:06:28.136000,1.11137,1.11130,1000000,1000000
2016-05-29 22:06:28.491000,1.11140,1.11131,6000000,1000000
2016-05-29 22:06:29.843000,1.11141,1.11132,1000000,1000000
2016-05-29 22:06:36.036000,1.11141,1.11130,1000000,3750000
2016-05-29 22:06:39.124000,1.11141,1.11132,1000000,1000000
2016-05-29 22:06:39.177000,1.11143,1.11133,1500000,2250000
2016-05-29 22:06:42.063000,1.11142,1.11133,1000000,1000000
2016-05-29 22:06:46.471000,1.11141,1.11133,1000000,1000000
2016-05-29 22:06:50.179000,1.11142,1.11133,1000000,1500000
2016-05-29 22:06:54.294000,1.11144,1.11134,1870000,1000000
2016-05-29 22:06:59.295000,1.11143,1.11134,1000000,1000000
2016-05-29 22:07:00.065000,1.11144,1.11134,1000000,1000000
2016-05-29 22:07:00.583000,1.11145,1.11141,1700000,1000000
2016-05-29 22:07:00.930000,1.11152,1.11143,1380000,3000000
2016-05-29 22:07:01.437000,1.11154,1.11144,2820000,1000000
2016-05-29 22:07:05.866000,1.11154,1.11145,2820000,1000000
2016-05-29 22:07:07.507000,1.11154,1.11144,4320000,1000000
2016-05-29 22:07:11.102000,1.11154,1.11145,2630000,1000000
2016-05-29 22:07:13.497000,1.11155,1.11144,5630000,1000000
2016-05-29 22:07:15.016000,1.11154,1.11143,1570000,2250000
2016-05-29 22:07:15.657000,1.11154,1.11144,2070000,1000000
2016-05-29 22:07:17.388000,1.11154,1.11145,1570000,1000000
2016-05-29 22:07:17.937000,1.11154,1.11144,2070000,1000000
2016-05-29 22:07:20.892000,1.11154,1.11144,1320000,1000000
2016-05-29 22:07:26.302000,1.11155,1.11143,1880000,1000000
2016-05-29 22:07:26.827000,1.11155,1.11144,2630000,1000000
2016-05-29 22:07:30.347000,1.11155,1.11143,1500000,1000000
2016-05-29 22:07:33.436000,1.11155,1.11145,2630000,1000000
2016-05-29 22:07:43.448000,1.11154,1.11144,2070000,1000000
2016-05-29 22:07:49.755000,1.11153,1.11143,1320000,1000000
2016-05-29 22:07:50.296000,1.11153,1.11144,1320000,1000000
2016-05-29 22:07:54.831000,1.11153,1.11143,2070000,1000000
2016-05-29 22:07:58.455000,1.11151,1.11145,1260000,1000000
2016-05-29 22:07:59.727000,1.11151,1.11144,1260000,1000000
2016-05-29 22:08:00.234000,1.11151,1.11145,1260000,1000000
2016-05-29 22:08:05.843000,1.11151,1.11144,1260000,1000000
2016-05-29 22:08:06.955000,1.11146,1.11142,1010000,1000000
2016-05-29 22:08:07.159000,1.11143,1.11140,1000000,1000000
2016-05-29 22:08:07.210000,1.11140,1.11132,1250000,1500000
2016-05-29 22:08:07.262000,1.11140,1.11129,1250000,1570000
2016-05-29 22:08:07.421000,1.11140,1.11125,1690000,1000000
2016-05-29 22:08:07.573000,1.11138,1.11125,1870000,1000000
2016-05-29 22:08:07.879000,1.11137,1.11128,1250000,1000000
2016-05-29 22:08:08.385000,1.11137,1.11127,1250000,1000000
2016-05-29 22:08:08.930000,1.11137,1.11128,1690000,1000000
2016-05-29 22:08:09.755000,1.11137,1.11127,1690000,1000000
2016-05-29 22:08:14.402000,1.11137,1.11124,1250000,1100000
2016-05-29 22:08:14.933000,1.11137,1.11125,1000000,1100000
2016-05-29 22:08:16.538000,1.11135,1.11123,1250000,1570000
2016-05-29 22:08:17.179000,1.11135,1.11128,1250000,1000000
2016-05-29 22:08:18.328000,1.11136,1.11128,1690000,1000000
2016-05-29 22:08:19.501000,1.11136,1.11127,1690000,1000000
2016-05-29 22:08:22.349000,1.11136,1.11126,1690000,1000000
2016-05-29 22:08:32.408000,1.11136,1.11127,1690000,1000000
2016-05-29 22:08:36.383000,1.11136,1.11126,1690000,1000000
2016-05-29 22:08:36.939000,1.11135,1.11127,1250000,1000000
2016-05-29 22:08:39.479000,1.11135,1.11126,1250000,1000000
2016-05-29 22:08:44.377000,1.11135,1.11127,1250000,1000000
2016-05-29 22:08:44.885000,1.11136,1.11126,3190000,1000000
2016-05-29 22:08:51.203000,1.11136,1.11127,2440000,1000000
2016-05-29 22:08:54.282000,1.11136,1.11126,3190000,1000000
2016-05-29 22:08:58.694000,1.11136,1.11127,2440000,1000000
2016-05-29 22:09:01.121000,1.11136,1.11126,3190000,1000000
2016-05-29 22:09:02.531000,1.11136,1.11125,2440000,1000000
2016-05-29 22:09:08.005000,1.11136,1.11126,3190000,1000000
2016-05-29 22:09:09.118000,1.11135,1.11125,1250000,1100000
2016-05-29 22:09:10.023000,1.11135,1.11127,1250000,1000000
2016-05-29 22:09:21.041000,1.11136,1.11126,3190000,1000000
2016-05-29 22:09:29.027000,1.11132,1.11124,1000000,1570000
2016-05-29 22:09:29.563000,1.11131,1.11121,1870000,1500000
2016-05-29 22:09:30.064000,1.11131,1.11122,1870000,1000000
2016-05-29 22:09:30.581000,1.11131,1.11122,2810000,1000000
2016-05-29 22:09:33.645000,1.11131,1.11121,3560000,1500000
2016-05-29 22:09:34.177000,1.11131,1.11122,2810000,1000000
2016-05-29 22:09:46.829000,1.11131,1.11123,2810000,1000000
2016-05-29 22:09:47.439000,1.11131,1.11123,1120000,1000000
2016-05-29 22:09:54.970000,1.11131,1.11122,1120000,1000000
2016-05-29 22:09:56.447000,1.11131,1.11121,1120000,1000000
2016-05-29 22:09:56.979000,1.11131,1.11121,1690000,1500000
2016-05-29 22:10:02.181000,1.11131,1.11122,2810000,1000000
2016-05-29 22:10:05.469000,1.11131,1.11121,2810000,1500000
2016-05-29 22:10:05.971000,1.11131,1.11121,1870000,1500000
2016-05-29 22:10:07.901000,1.11131,1.11123,2060000,1000000
2016-05-29 22:10:08.458000,1.11132,1.11125,1190000,1000000
2016-05-29 22:10:18.011000,1.11132,1.11124,1190000,1000000
2016-05-29 22:10:20.375000,1.11132,1.11125,1190000,1000000
2016-05-29 22:10:22.017000,1.11132,1.11124,1190000,1000000
2016-05-29 22:10:22.069000,1.11133,1.11124,1000000,1000000
2016-05-29 22:10:22.575000,1.11134,1.11123,2250000,1000000
2016-05-29 22:10:24.404000,1.11134,1.11124,2250000,1000000
2016-05-29 22:10:24.967000,1.11133,1.11124,1000000,1000000
2016-05-29 22:10:35.941000,1.11133,1.11123,1000000,1000000
2016-05-29 22:10:36.445000,1.11133,1.11124,1000000,1000000
2016-05-29 22:10:39.648000,1.11133,1.11123,1500000,1000000
2016-05-29 22:10:40.199000,1.11132,1.11123,1000000,1000000
2016-05-29 22:10:40.703000,1.11132,1.11122,1000000,1570000
2016-05-29 22:10:41.555000,1.11132,1.11123,1000000,1000000
2016-05-29 22:10:54.051000,1.11132,1.11124,1000000,1000000
2016-05-29 22:10:54.585000,1.11133,1.11124,1000000,1000000
2016-05-29 22:10:56.142000,1.11133,1.11123,1000000,1000000
2016-05-29 22:10:57.974000,1.11133,1.11124,1000000,1000000
2016-05-29 22:11:00.455000,1.11133,1.11123,1500000,1000000
2016-05-29 22:11:01.003000,1.11133,1.11124,1000000,1000000
2016-05-29 22:11:05.363000,1.11133,1.11125,1000000,1000000
2016-05-29 22:11:05.914000,1.11133,1.11124,1000000,1000000
2016-05-29 22:11:10.781000,1.11133,1.11123,1000000,1000000
2016-05-29 22:11:19.103000,1.11133,1.11124,1000000,1000000
2016-05-29 22:11:24.370000,1.11133,1.11125,1000000,1000000
2016-05-29 22:11:24.421000,1.11135,1.11125,3560000,1000000
2016-05-29 22:11:24.966000,1.11134,1.11124,1000000,1000000
2016-05-29 22:11:25.578000,1.11134,1.11125,1120000,1000000
2016-05-29 22:11:26.768000,1.11135,1.11126,1620000,1000000
2016-05-29 22:11:30.685000,1.11135,1.11125,2060000,1000000
2016-05-29 22:11:46.117000,1.11135,1.11126,1620000,1000000
2016-05-29 22:11:46.623000,1.11135,1.11125,2060000,1000000
2016-05-29 22:11:47.129000,1.11135,1.11126,1620000,1000000
2016-05-29 22:11:50.588000,1.11135,1.11125,2060000,1000000
2016-05-29 22:11:52.195000,1.11135,1.11126,1620000,1000000
2016-05-29 22:11:52.819000,1.11135,1.11125,2060000,1000000
2016-05-29 22:11:55.334000,1.11135,1.11126,1620000,1000000
2016-05-29 22:11:55.875000,1.11135,1.11125,2060000,1000000
2016-05-29 22:11:56.926000,1.11134,1.11124,1120000,1000000
2016-05-29 22:11:57.432000,1.11135,1.11125,2810000,1000000
2016-05-29 22:12:02.750000,1.11134,1.11124,1000000,1000000
2016-05-29 22:12:16.028000,1.11135,1.11125,2810000,1000000
2016-05-29 22:12:18.829000,1.11134,1.11124,1000000,1100000
2016-05-29 22:12:21.137000,1.11135,1.11123,1870000,1870000
2016-05-29 22:12:28.502000,1.11135,1.11123,2250000,1120000
2016-05-29 22:12:32.341000,1.11135,1.11123,2250000,1000000
2016-05-29 22:12:34.002000,1.11135,1.11123,2250000,1000000
2016-05-29 22:12:38.209000,1.11135,1.11123,3190000,1000000
2016-05-29 22:12:41.142000,1.11135,1.11123,3560000,1000000
2016-05-29 22:12:42.155000,1.11135,1.11123,3940000,1000000
2016-05-29 22:12:51.748000,1.11135,1.11123,3560000,1000000
2016-05-29 22:12:52.950000,1.11132,1.11123,1000000,1000000
2016-05-29 22:12:53.252000,1.11130,1.11122,1120000,1000000
2016-05-29 22:12:57.142000,1.11132,1.11122,3370000,1000000
2016-05-29 22:12:57.742000,1.11132,1.11121,2620000,1670000
2016-05-29 22:12:57.894000,1.11132,1.11123,1870000,1000000
2016-05-29 22:13:03.277000,1.11132,1.11122,1870000,1000000
2016-05-29 22:13:03.927000,1.11132,1.11123,1870000,1000000
2016-05-29 22:13:24.381000,1.11132,1.11122,1870000,1000000
2016-05-29 22:13:27.660000,1.11132,1.11123,1870000,1000000
2016-05-29 22:13:51.233000,1.11132,1.11122,1870000,1000000
2016-05-29 22:13:52.150000,1.11132,1.11123,1870000,1000000
2016-05-29 22:13:58.517000,1.11132,1.11122,1870000,1000000
2016-05-29 22:13:59.023000,1.11132,1.11123,1870000,1000000
2016-05-29 22:14:01.021000,1.11132,1.11122,1870000,1000000
2016-05-29 22:14:01.572000,1.11132,1.11123,1870000,1000000
2016-05-29 22:14:09.341000,1.11132,1.11122,1870000,1000000
2016-05-29 22:14:09.847000,1.11132,1.11123,2250000,1000000
2016-05-29 22:14:10.554000,1.11132,1.11124,1870000,1000000
2016-05-29 22:14:11.093000,1.11132,1.11123,1120000,1000000
2016-05-29 22:14:11.945000,1.11132,1.11122,1870000,1000000
2016-05-29 22:14:17.369000,1.11132,1.11121,5620000,1220000
2016-05-29 22:14:21.483000,1.11132,1.11123,3370000,1000000
2016-05-29 22:14:22.046000,1.11132,1.11122,4120000,1000000
2016-05-29 22:14:23.437000,1.11132,1.11123,3370000,1000000
2016-05-29 22:14:23.942000,1.11135,1.11126,1620000,1000000
2016-05-29 22:14:23.994000,1.11136,1.11126,1000000,1120000
2016-05-29 22:14:24.250000,1.11136,1.11129,1000000,1000000
2016-05-29 22:14:24.357000,1.11138,1.11130,1870000,1000000
2016-05-29 22:14:25.646000,1.11138,1.11128,1870000,2440000
2016-05-29 22:14:27.285000,1.11137,1.11128,1000000,1690000
2016-05-29 22:14:28.581000,1.11138,1.11128,1120000,1500000
2016-05-29 22:14:29.087000,1.11137,1.11128,1000000,1000000
2016-05-29 22:14:29.700000,1.11137,1.11127,1000000,2250000
2016-05-29 22:14:33.590000,1.11138,1.11128,1120000,1000000
2016-05-29 22:14:34.091000,1.11137,1.11127,1000000,1500000
2016-05-29 22:14:34.594000,1.11138,1.11128,1120000,1000000
2016-05-29 22:14:40.104000,1.11139,1.11127,1370000,2320000
2016-05-29 22:14:40.651000,1.11138,1.11128,1870000,1000000
2016-05-29 22:14:41.400000,1.11138,1.11129,1120000,1000000
2016-05-29 22:14:41.762000,1.11139,1.11127,1370000,2320000
2016-05-29 22:14:42.273000,1.11138,1.11128,1120000,1000000
2016-05-29 22:14:42.759000,1.11140,1.11131,1870000,1000000
2016-05-29 22:14:43.159000,1.11138,1.11128,1120000,1500000
2016-05-29 22:14:43.502000,1.11140,1.11130,2620000,1000000
2016-05-29 22:14:43.603000,1.11138,1.11128,1000000,1000000
2016-05-29 22:14:43.705000,1.11140,1.11130,2620000,1000000
2016-05-29 22:14:44.370000,1.11138,1.11128,1000000,1000000
2016-05-29 22:14:44.572000,1.11139,1.11130,1120000,1000000
2016-05-29 22:14:45.078000,1.11140,1.11130,2620000,1000000
2016-05-29 22:14:50.094000,1.11139,1.11131,1500000,1000000
2016-05-29 22:14:50.601000,1.11139,1.11130,1000000,1000000
2016-05-29 22:14:57.883000,1.11139,1.11132,1000000,1000000
2016-05-29 22:14:57.985000,1.11139,1.11130,1000000,1000000
2016-05-29 22:15:00.287000,1.11139,1.11131,1000000,1000000
2016-05-29 22:15:00.823000,1.11139,1.11130,1000000,1000000
2016-05-29 22:15:02.579000,1.11139,1.11132,1000000,1000000
2016-05-29 22:15:02.630000,1.11141,1.11132,1500000,1000000
2016-05-29 22:15:03.146000,1.11140,1.11132,1000000,1000000
2016-05-29 22:15:05.815000,1.11142,1.11133,1000000,1000000
2016-05-29 22:15:08.339000,1.11143,1.11133,3750000,1000000
2016-05-29 22:15:08.391000,1.11143,1.11131,3750000,1970000
2016-05-29 22:15:08.493000,1.11143,1.11133,1500000,1000000
2016-05-29 22:15:13.115000,1.11143,1.11134,1000000,1000000
2016-05-29 22:15:14.823000,1.11143,1.11136,1000000,1000000
2016-05-29 22:15:15.135000,1.11147,1.11141,1010000,1000000
2016-05-29 22:15:19.392000,1.11150,1.11142,1010000,1000000
2016-05-29 22:15:41.136000,1.11150,1.11140,1010000,1120000
2016-05-29 22:15:41.643000,1.11151,1.11140,1010000,1120000
2016-05-29 22:15:42.363000,1.11151,1.11141,1510000,1090000
2016-05-29 22:15:50.663000,1.11151,1.11141,1510000,1120000
2016-05-29 22:15:51.542000,1.11151,1.11142,1010000,1000000
2016-05-29 22:15:54.227000,1.11151,1.11141,1510000,1120000
2016-05-29 22:15:55.453000,1.11151,1.11142,1010000,1120000
2016-05-29 22:15:55.974000,1.11152,1.11143,1010000,1000000
2016-05-29 22:16:00.159000,1.11152,1.11142,1010000,1120000
2016-05-29 22:16:11.680000,1.11151,1.11143,1010000,1000000
2016-05-29 22:16:24.192000,1.11152,1.11142,1510000,1090000
2016-05-29 22:16:38.567000,1.11152,1.11141,1010000,1590000
2016-05-29 22:16:39.089000,1.11152,1.11143,1010000,1090000
2016-05-29 22:16:47.169000,1.11152,1.11142,1010000,1590000
2016-05-29 22:16:47.696000,1.11152,1.11142,1510000,1590000
2016-05-29 22:16:52.060000,1.11152,1.11142,2260000,1590000
2016-05-29 22:16:54.663000,1.11151,1.11142,1010000,1590000
2016-05-29 22:17:08.504000,1.11152,1.11142,1500000,2530000
2016-05-29 22:17:12.802000,1.11153,1.11144,3750000,1120000
2016-05-29 22:17:13.305000,1.11153,1.11145,1000000,1030000
2016-05-29 22:17:13.874000,1.11153,1.11146,1000000,1000000
2016-05-29 22:17:14.479000,1.11155,1.11146,3370000,1000000
2016-05-29 22:17:14.980000,1.11155,1.11145,4120000,1030000
2016-05-29 22:17:15.712000,1.11154,1.11145,1000000,1030000
2016-05-29 22:17:17.323000,1.11154,1.11146,1000000,1000000
2016-05-29 22:17:17.826000,1.11155,1.11146,1500000,1000000
2016-05-29 22:17:19.909000,1.11155,1.11149,1000000,1000000
2016-05-29 22:17:20.423000,1.11156,1.11149,2250000,1000000
2016-05-29 22:17:23.272000,1.11156,1.11151,3750000,1000000
2016-05-29 22:17:23.477000,1.11158,1.11151,1000000,1000000
2016-05-29 22:17:23.528000,1.11157,1.11149,1000000,2440000
2016-05-29 22:17:23.630000,1.11157,1.11149,1500000,1780000
2016-05-29 22:17:23.833000,1.11157,1.11149,1100000,1010000
2016-05-29 22:17:24.157000,1.11157,1.11149,1140000,1000000
2016-05-29 22:17:28.990000,1.11158,1.11151,2260000,1000000
2016-05-29 22:17:39.588000,1.11158,1.11154,1510000,2440000
2016-05-29 22:17:39.702000,1.11159,1.11153,1010000,1000000
2016-05-29 22:17:39.854000,1.11159,1.11150,2260000,1250000
2016-05-29 22:17:40.579000,1.11159,1.11149,3010000,1870000
2016-05-29 22:17:49.793000,1.11158,1.11149,2640000,1000000
2016-05-29 22:17:50.680000,1.11158,1.11149,1890000,1500000
2016-05-29 22:17:52.189000,1.11158,1.11149,4500000,1000000
2016-05-29 22:17:52.700000,1.11157,1.11149,1120000,1000000
2016-05-29 22:17:56.173000,1.11157,1.11149,1010000,1000000
2016-05-29 22:17:56.876000,1.11157,1.11149,1010000,1000000
2016-05-29 22:17:57.425000,1.11157,1.11149,1010000,1000000
2016-05-29 22:18:06.828000,1.11157,1.11149,1520000,1250000
2016-05-29 22:18:15.611000,1.11155,1.11147,1030000,1000000
2016-05-29 22:18:23.693000,1.11156,1.11146,1520000,2160000
2016-05-29 22:18:25.631000,1.11153,1.11145,1000000,1000000
2016-05-29 22:18:25.801000,1.11153,1.11143,3000000,1690000
2016-05-29 22:18:25.903000,1.11152,1.11145,1000000,1000000
2016-05-29 22:18:26.432000,1.11153,1.11146,2250000,1000000
2016-05-29 22:18:27.076000,1.11153,1.11145,2250000,1000000
2016-05-29 22:18:28.486000,1.11153,1.11146,2250000,1000000
2016-05-29 22:18:35.705000,1.11153,1.11145,2250000,1000000
2016-05-29 22:18:40.932000,1.11153,1.11146,2250000,1000000
2016-05-29 22:18:44.407000,1.11153,1.11147,2250000,1000000
2016-05-29 22:18:44.921000,1.11153,1.11146,2250000,1000000
2016-05-29 22:18:45.444000,1.11153,1.11144,3000000,1690000
2016-05-29 22:18:45.546000,1.11153,1.11143,5250000,1690000
2016-05-29 22:18:46.061000,1.11153,1.11143,4870000,1250000
2016-05-29 22:18:48.733000,1.11150,1.11142,1000000,3410000
2016-05-29 22:18:50.830000,1.11151,1.11142,1000000,1690000
2016-05-29 22:18:51.356000,1.11150,1.11142,1000000,1690000
2016-05-29 22:18:52.132000,1.11151,1.11142,1000000,1690000
2016-05-29 22:18:53.764000,1.11150,1.11142,1000000,1690000
2016-05-29 22:18:54.537000,1.11151,1.11142,1000000,1690000
2016-05-29 22:18:55.081000,1.11150,1.11142,1000000,1190000
2016-05-29 22:18:55.637000,1.11151,1.11141,2250000,6450000
2016-05-29 22:18:56.237000,1.11150,1.11141,1000000,7200000
2016-05-29 22:18:58.148000,1.11151,1.11142,1870000,1840000
2016-05-29 22:18:58.811000,1.11151,1.11142,1870000,2210000
2016-05-29 22:19:01.799000,1.11151,1.11142,1870000,1840000
2016-05-29 22:19:02.478000,1.11151,1.11142,1870000,2210000
2016-05-29 22:19:02.923000,1.11151,1.11144,1000000,1000000
2016-05-29 22:19:02.975000,1.11153,1.11144,2250000,1000000
2016-05-29 22:19:03.026000,1.11152,1.11142,1000000,1690000
2016-05-29 22:19:03.229000,1.11149,1.11142,1000000,1250000
2016-05-29 22:19:03.736000,1.11150,1.11142,1000000,1250000
2016-05-29 22:19:04.931000,1.11151,1.11142,1120000,1250000
2016-05-29 22:19:05.810000,1.11151,1.11142,1370000,1310000
2016-05-29 22:19:06.462000,1.11151,1.11142,1120000,1250000
2016-05-29 22:19:07.218000,1.11151,1.11142,1370000,1310000
2016-05-29 22:19:10.127000,1.11151,1.11143,1370000,1000000
2016-05-29 22:19:10.829000,1.11152,1.11143,1370000,1000000
2016-05-29 22:19:11.379000,1.11152,1.11143,1370000,1000000
2016-05-29 22:19:11.885000,1.11152,1.11142,1370000,2960000
2016-05-29 22:19:12.233000,1.11152,1.11143,1370000,1000000
2016-05-29 22:19:12.969000,1.11152,1.11143,1870000,1000000
2016-05-29 22:19:13.020000,1.11152,1.11145,1870000,1000000
2016-05-29 22:19:13.122000,1.11152,1.11143,1000000,1690000
2016-05-29 22:19:13.376000,1.11149,1.11142,1000000,1690000
2016-05-29 22:19:15.292000,1.11150,1.11141,1000000,6450000
2016-05-29 22:19:15.896000,1.11149,1.11141,1000000,7200000
2016-05-29 22:19:17.402000,1.11150,1.11141,1120000,7200000
2016-05-29 22:19:18.458000,1.11150,1.11143,1120000,1000000
2016-05-29 22:19:18.962000,1.11150,1.11142,1120000,1250000
2016-05-29 22:19:20.454000,1.11151,1.11142,1370000,1250000
2016-05-29 22:19:25.614000,1.11150,1.11142,1000000,1250000
2016-05-29 22:19:30.529000,1.11151,1.11142,1500000,2590000
2016-05-29 22:19:31.073000,1.11151,1.11142,1500000,2960000
2016-05-29 22:19:33.128000,1.11151,1.11142,1750000,2960000
2016-05-29 22:19:34.784000,1.11149,1.11142,1500000,2210000
2016-05-29 22:19:34.988000,1.11149,1.11142,1120000,1650000
2016-05-29 22:19:39.438000,1.11150,1.11142,1370000,2020000
2016-05-29 22:19:41.645000,1.11150,1.11142,1370000,2020000
2016-05-29 22:19:44.645000,1.11149,1.11142,1370000,2020000
2016-05-29 22:19:50.666000,1.11148,1.11141,1120000,1840000
2016-05-29 22:19:50.774000,1.11149,1.11141,1870000,1000000
2016-05-29 22:19:50.825000,1.11148,1.11139,1370000,1000000
2016-05-29 22:19:55.426000,1.11148,1.11139,1120000,1000000
2016-05-29 22:19:58.282000,1.11148,1.11139,1370000,3000000
2016-05-29 22:20:00.589000,1.11145,1.11139,1000000,2250000
2016-05-29 22:20:00.640000,1.11145,1.11137,1000000,2250000
2016-05-29 22:20:01.308000,1.11147,1.11138,1370000,1000000
2016-05-29 22:20:01.891000,1.11147,1.11137,1870000,3000000
2016-05-29 22:20:02.094000,1.11147,1.11138,1000000,1000000
2016-05-29 22:20:03.899000,1.11147,1.11140,1000000,1000000
2016-05-29 22:20:04.406000,1.11149,1.11140,5620000,1000000
2016-05-29 22:20:04.949000,1.11149,1.11141,2620000,1000000
2016-05-29 22:20:06.423000,1.11149,1.11140,2620000,1000000
2016-05-29 22:20:08.481000,1.11149,1.11141,1000000,1000000
2016-05-29 22:20:09.010000,1.11150,1.11141,2250000,1000000
2016-05-29 22:20:11.155000,1.11150,1.11141,1000000,2440000
2016-05-29 22:20:11.663000,1.11151,1.11141,3000000,1000000
2016-05-29 22:20:15.486000,1.11151,1.11142,3000000,1000000
2016-05-29 22:20:16.190000,1.11151,1.11141,3000000,1000000
2016-05-29 22:20:18.376000,1.11148,1.11141,1000000,1000000
2016-05-29 22:20:18.478000,1.11148,1.11139,1500000,1000000
2016-05-29 22:20:18.833000,1.11147,1.11137,1000000,3940000
2016-05-29 22:20:19.346000,1.11147,1.11138,1500000,1000000
2016-05-29 22:20:19.905000,1.11147,1.11137,2250000,3940000
2016-05-29 22:20:20.895000,1.11146,1.11137,2250000,3190000
2016-05-29 22:20:21.402000,1.11146,1.11137,2620000,3190000
2016-05-29 22:20:21.909000,1.11145,1.11135,2620000,2160000
2016-05-29 22:20:22.847000,1.11145,1.11135,2620000,5250000
2016-05-29 22:20:23.349000,1.11144,1.11135,1370000,5250000
2016-05-29 22:20:23.888000,1.11143,1.11136,1120000,1500000
2016-05-29 22:20:24.805000,1.11144,1.11136,1870000,1000000
2016-05-29 22:20:31.757000,1.11144,1.11136,1370000,1000000
2016-05-29 22:20:33.130000,1.11143,1.11137,1000000,1000000
2016-05-29 22:20:33.638000,1.11143,1.11135,1370000,2910000
2016-05-29 22:20:37.232000,1.11141,1.11135,1000000,1970000
2016-05-29 22:20:37.334000,1.11141,1.11134,1000000,1250000
2016-05-29 22:20:38.013000,1.11142,1.11134,1120000,1250000
2016-05-29 22:20:38.064000,1.11142,1.11132,1370000,5250000
2016-05-29 22:20:44.128000,1.11143,1.11133,1870000,2910000
2016-05-29 22:20:44.245000,1.11143,1.11135,1120000,1000000
2016-05-29 22:20:44.498000,1.11144,1.11132,2620000,4500000
2016-05-29 22:20:45.006000,1.11142,1.11132,1000000,4500000
2016-05-29 22:20:45.347000,1.11142,1.11132,1370000,4500000
2016-05-29 22:20:46.246000,1.11143,1.11133,1370000,1000000
2016-05-29 22:20:46.764000,1.11143,1.11133,1370000,1500000
2016-05-29 22:20:47.271000,1.11143,1.11134,1370000,1000000
2016-05-29 22:20:47.789000,1.11143,1.11133,1370000,3190000
2016-05-29 22:20:55.123000,1.11144,1.11136,2250000,1120000
2016-05-29 22:20:55.428000,1.11144,1.11140,1370000,1000000
2016-05-29 22:20:55.581000,1.11144,1.11135,1370000,1000000
2016-05-29 22:20:59.377000,1.11144,1.11135,1370000,1000000
2016-05-29 22:20:59.878000,1.11143,1.11134,1370000,3000000
2016-05-29 22:21:01.379000,1.11144,1.11134,1870000,3000000
2016-05-29 22:21:03.441000,1.11144,1.11135,1120000,1000000
2016-05-29 22:21:03.959000,1.11143,1.11134,1000000,3000000
2016-05-29 22:21:06.086000,1.11143,1.11136,1120000,1000000
2016-05-29 22:21:06.625000,1.11143,1.11135,1000000,1000000
2016-05-29 22:21:07.343000,1.11143,1.11134,1000000,1500000
2016-05-29 22:21:07.882000,1.11143,1.11135,1000000,1000000
2016-05-29 22:21:11.976000,1.11143,1.11134,1870000,1570000
2016-05-29 22:21:17.115000,1.11143,1.11137,1500000,1000000
2016-05-29 22:21:17.318000,1.11143,1.11135,1500000,1000000
2016-05-29 22:21:17.824000,1.11143,1.11134,1500000,1100000
2016-05-29 22:21:19.047000,1.11143,1.11135,1000000,1000000
2016-05-29 22:21:19.571000,1.11143,1.11133,3000000,1070000
2016-05-29 22:21:21.057000,1.11143,1.11133,2250000,1100000
2016-05-29 22:21:22.177000,1.11142,1.11132,1000000,1070000
2016-05-29 22:21:24.076000,1.11143,1.11134,3750000,1000000
2016-05-29 22:21:26.487000,1.11143,1.11131,3370000,6560000
2016-05-29 22:21:27.037000,1.11142,1.11132,1500000,1570000
2016-05-29 22:21:28.093000,1.11142,1.11134,3000000,1000000
2016-05-29 22:21:28.633000,1.11142,1.11133,2250000,1760000
2016-05-29 22:21:32.010000,1.11141,1.11133,2250000,1760000
2016-05-29 22:21:41.527000,1.11140,1.11133,1500000,1010000
2016-05-29 22:22:05.526000,1.11140,1.11132,2250000,2320000
2016-05-29 22:22:11.624000,1.11140,1.11133,1500000,1000000
2016-05-29 22:22:16.429000,1.11140,1.11130,2250000,5040000
2016-05-29 22:22:21.425000,1.11140,1.11132,4500000,1000000
2016-05-29 22:22:21.956000,1.11139,1.11132,1000000,1000000
2016-05-29 22:22:25.004000,1.11139,1.11131,1500000,1480000
2016-05-29 22:22:25.524000,1.11139,1.11132,1500000,1000000
2016-05-29 22:22:27.476000,1.11139,1.11134,1000000,1000000
2016-05-29 22:22:59.486000,1.11140,1.11134,2250000,1870000
2016-05-29 22:23:16.955000,1.11140,1.11135,1500000,1000000
2016-05-29 22:23:17.491000,1.11140,1.11134,2250000,1500000
2016-05-29 22:23:20.757000,1.11141,1.11134,1500000,3090000
2016-05-29 22:23:26.180000,1.11142,1.11134,2250000,3090000
2016-05-29 22:23:26.836000,1.11142,1.11135,1500000,1000000
2016-05-29 22:23:29.185000,1.11143,1.11134,4500000,3280000
2016-05-29 22:23:29.799000,1.11143,1.11135,3750000,1250000
2016-05-29 22:23:37.869000,1.11143,1.11134,2250000,1590000
2016-05-29 22:23:39.279000,1.11143,1.11135,2250000,1000000
2016-05-29 22:23:45.497000,1.11143,1.11136,1500000,1000000
2016-05-29 22:23:46.003000,1.11136,1.11134,1000000,1860000
2016-05-29 22:23:46.349000,1.11131,1.11126,1000000,1000000
2016-05-29 22:23:46.400000,1.11134,1.11126,1570000,1500000
2016-05-29 22:23:46.805000,1.11135,1.11126,2250000,1120000
2016-05-29 22:23:47.210000,1.11137,1.11129,1870000,1000000
2016-05-29 22:23:47.882000,1.11136,1.11129,1000000,1000000
2016-05-29 22:23:49.882000,1.11136,1.11128,1500000,1000000
2016-05-29 22:23:50.407000,1.11136,1.11129,1500000,1000000
2016-05-29 22:23:50.610000,1.11128,1.11127,3000000,1250000
2016-05-29 22:23:50.662000,1.11123,1.11121,2250000,1500000
2016-05-29 22:23:50.713000,1.11121,1.11120,1000000,2250000
2016-05-29 22:23:50.814000,1.11121,1.11119,1420000,1000000
2016-05-29 22:23:50.967000,1.11127,1.11120,1370000,1000000
2016-05-29 22:23:51.018000,1.11128,1.11120,3750000,1000000
2016-05-29 22:23:54.144000,1.11129,1.11120,2620000,1570000
2016-05-29 22:23:54.735000,1.11129,1.11120,2620000,1570000
2016-05-29 22:23:55.245000,1.11129,1.11120,1500000,1100000
2016-05-29 22:23:55.781000,1.11130,1.11120,4120000,1760000
2016-05-29 22:23:56.232000,1.11130,1.11122,1500000,1000000
2016-05-29 22:23:56.751000,1.11130,1.11121,1500000,1100000
2016-05-29 22:23:57.251000,1.11130,1.11123,2250000,1000000
2016-05-29 22:23:58.634000,1.11130,1.11124,2250000,1000000
2016-05-29 22:23:59.153000,1.11130,1.11123,2250000,1250000
2016-05-29 22:24:04.819000,1.11130,1.11124,1500000,1000000
2016-05-29 22:24:04.921000,1.11132,1.11124,4500000,1000000
2016-05-29 22:24:05.427000,1.11131,1.11124,1000000,1000000
2016-05-29 22:24:06.165000,1.11131,1.11122,1120000,1010000
2016-05-29 22:24:07.167000,1.11130,1.11122,1120000,1000000
2016-05-29 22:24:07.668000,1.11130,1.11123,1120000,1000000
2016-05-29 22:24:08.120000,1.11130,1.11120,1870000,1760000
2016-05-29 22:24:08.670000,1.11130,1.11120,1870000,1760000
2016-05-29 22:24:15.920000,1.11126,1.11120,1000000,1320000
2016-05-29 22:24:16.356000,1.11130,1.11120,4870000,1100000
2016-05-29 22:24:16.862000,1.11130,1.11120,3370000,1070000
2016-05-29 22:24:17.369000,1.11130,1.11121,3370000,1100000
2016-05-29 22:24:19.378000,1.11130,1.11120,1870000,1070000
2016-05-29 22:24:19.929000,1.11130,1.11120,1870000,1100000
2016-05-29 22:24:22.383000,1.11130,1.11120,1870000,1100000
2016-05-29 22:24:23.400000,1.11130,1.11120,1370000,1100000
2016-05-29 22:24:29.210000,1.11129,1.11120,1370000,1070000
2016-05-29 22:24:30.078000,1.11131,1.11121,2620000,1100000
2016-05-29 22:24:30.180000,1.11131,1.11123,1870000,1000000
2016-05-29 22:24:30.341000,1.11131,1.11120,1370000,1760000
2016-05-29 22:24:31.074000,1.11124,1.11120,1000000,1760000
2016-05-29 22:24:31.176000,1.11121,1.11118,1000000,1000000
2016-05-29 22:24:31.430000,1.11123,1.11118,2250000,1100000
2016-05-29 22:24:31.949000,1.11122,1.11118,1000000,1100000
2016-05-29 22:24:32.870000,1.11123,1.11118,2250000,1100000
2016-05-29 22:24:33.419000,1.11122,1.11118,1000000,1100000
2016-05-29 22:24:33.937000,1.11122,1.11118,1000000,1070000
2016-05-29 22:24:34.398000,1.11122,1.11115,2250000,1760000
2016-05-29 22:24:34.500000,1.11122,1.11115,2250000,1690000
2016-05-29 22:24:35.025000,1.11122,1.11118,1000000,1070000
2016-05-29 22:24:35.532000,1.11122,1.11120,1000000,1000000
2016-05-29 22:24:36.581000,1.11126,1.11120,1500000,1000000
2016-05-29 22:24:37.598000,1.11126,1.11119,1000000,1100000
2016-05-29 22:24:38.150000,1.11127,1.11118,1000000,1100000
2016-05-29 22:24:45.980000,1.11128,1.11119,1000000,1000000
2016-05-29 22:24:46.285000,1.11128,1.11121,1000000,1000000
2016-05-29 22:24:46.807000,1.11130,1.11120,3370000,1100000
2016-05-29 22:24:47.351000,1.11130,1.11120,3000000,1100000
2016-05-29 22:24:48.554000,1.11122,1.11120,1000000,1100000
2016-05-29 22:24:48.802000,1.11122,1.11116,1000000,3190000
2016-05-29 22:24:48.853000,1.11122,1.11118,1000000,1000000
2016-05-29 22:24:49.158000,1.11122,1.11118,1000000,1120000
2016-05-29 22:24:51.311000,1.11123,1.11118,1000000,1120000
2016-05-29 22:24:51.815000,1.11122,1.11118,1000000,1120000
2016-05-29 22:24:53.416000,1.11123,1.11118,1000000,1120000
2016-05-29 22:24:53.933000,1.11122,1.11118,1000000,1120000
2016-05-29 22:24:54.470000,1.11123,1.11118,1000000,1120000
2016-05-29 22:24:54.818000,1.11125,1.11118,1500000,2810000
2016-05-29 22:24:54.920000,1.11127,1.11119,1000000,1760000
2016-05-29 22:24:55.377000,1.11129,1.11121,1000000,1000000
2016-05-29 22:24:55.884000,1.11130,1.11122,2250000,1000000
2016-05-29 22:24:56.835000,1.11129,1.11122,1000000,1000000
2016-05-29 22:24:57.038000,1.11128,1.11118,1000000,4010000
2016-05-29 22:24:57.581000,1.11127,1.11118,1500000,3070000
2016-05-29 22:25:02.425000,1.11127,1.11118,1500000,2250000
2016-05-29 22:25:02.948000,1.11126,1.11118,1000000,2250000
2016-05-29 22:25:03.498000,1.11126,1.11118,1000000,3070000
2016-05-29 22:25:04.601000,1.11127,1.11118,1000000,3070000
2016-05-29 22:25:05.107000,1.11126,1.11118,1000000,3070000
2016-05-29 22:25:06.711000,1.11127,1.11118,1000000,2320000
2016-05-29 22:25:07.910000,1.11128,1.11121,1500000,1500000
2016-05-29 22:25:08.722000,1.11128,1.11123,1000000,2250000
2016-05-29 22:25:08.925000,1.11130,1.11123,1500000,2250000
2016-05-29 22:25:11.028000,1.11130,1.11124,1000000,1120000
2016-05-29 22:25:11.291000,1.11133,1.11125,1570000,1690000
2016-05-29 22:25:11.342000,1.11131,1.11125,1000000,1690000
2016-05-29 22:25:11.647000,1.11134,1.11125,3000000,2440000
2016-05-29 22:25:11.800000,1.11131,1.11125,1000000,2440000
2016-05-29 22:25:12.337000,1.11132,1.11125,1000000,2250000
2016-05-29 22:25:15.465000,1.11131,1.11125,1000000,2250000
2016-05-29 22:25:15.618000,1.11128,1.11121,1000000,4690000
2016-05-29 22:25:16.023000,1.11128,1.11124,1000000,1000000
2016-05-29 22:25:16.175000,1.11130,1.11124,1500000,1500000
2016-05-29 22:25:18.291000,1.11131,1.11124,1000000,3750000
2016-05-29 22:25:18.836000,1.11132,1.11125,1500000,2250000
2016-05-29 22:25:25.999000,1.11132,1.11126,1500000,1000000
2016-05-29 22:25:26.101000,1.11130,1.11122,1000000,4010000
2016-05-29 22:25:26.152000,1.11128,1.11123,1000000,3260000
2016-05-29 22:25:26.203000,1.11132,1.11124,1500000,1500000
2016-05-29 22:25:26.355000,1.11131,1.11126,1000000,1000000
2016-05-29 22:25:26.457000,1.11134,1.11127,1000000,2440000
2016-05-29 22:25:26.920000,1.11136,1.11128,1000000,3190000
2016-05-29 22:25:27.456000,1.11137,1.11128,1500000,2440000
2016-05-29 22:25:30.925000,1.11137,1.11128,2250000,2510000
2016-05-29 22:25:31.871000,1.11137,1.11132,1500000,1500000
2016-05-29 22:25:32.074000,1.11140,1.11132,2440000,3000000
2016-05-29 22:25:33.237000,1.11137,1.11132,1500000,1100000
2016-05-29 22:25:33.339000,1.11136,1.11130,1000000,1500000
2016-05-29 22:25:40.780000,1.11133,1.11130,1000000,3000000
2016-05-29 22:25:50.245000,1.11132,1.11129,1000000,4410000
2016-05-29 22:25:50.399000,1.11130,1.11126,1000000,1690000
2016-05-29 22:25:50.602000,1.11130,1.11124,1000000,2440000
2016-05-29 22:25:58.346000,1.11132,1.11124,1500000,3190000
2016-05-29 22:25:58.736000,1.11133,1.11126,1000000,2250000
2016-05-29 22:25:59.272000,1.11134,1.11126,1000000,2250000
2016-05-29 22:26:02.942000,1.11133,1.11126,1000000,3260000
2016-05-29 22:26:06.628000,1.11135,1.11126,2250000,2440000
2016-05-29 22:26:08.245000,1.11133,1.11126,1000000,2440000
2016-05-29 22:26:12.305000,1.11134,1.11126,1000000,2440000
2016-05-29 22:26:12.829000,1.11133,1.11126,1000000,2440000
2016-05-29 22:26:14.060000,1.11134,1.11126,1000000,2440000
2016-05-29 22:26:14.574000,1.11133,1.11126,1000000,3190000
2016-05-29 22:26:20.526000,1.11134,1.11126,1000000,3190000
2016-05-29 22:26:21.032000,1.11133,1.11126,1000000,3190000
2016-05-29 22:26:26.189000,1.11133,1.11126,1000000,2250000
2016-05-29 22:26:41.559000,1.11132,1.11126,1000000,2250000
2016-05-29 22:26:41.813000,1.11130,1.11122,1500000,2440000
2016-05-29 22:26:42.120000,1.11127,1.11122,1000000,2440000
2016-05-29 22:27:23.928000,1.11127,1.11122,1000000,1500000
2016-05-29 22:27:26.351000,1.11127,1.11122,1000000,1000000
2016-05-29 22:27:27.094000,1.11127,1.11126,1000000,1000000
2016-05-29 22:27:27.247000,1.11131,1.11127,1570000,1690000
2016-05-29 22:27:27.401000,1.11130,1.11124,1000000,2250000
2016-05-29 22:27:27.604000,1.11128,1.11123,1000000,1250000
2016-05-29 22:28:02.070000,1.11127,1.11122,1000000,4690000
2016-05-29 22:28:02.384000,1.11124,1.11119,1000000,1690000
2016-05-29 22:28:02.436000,1.11128,1.11119,3750000,2440000
2016-05-29 22:28:03.002000,1.11128,1.11119,2250000,2510000
2016-05-29 22:28:04.741000,1.11128,1.11119,3000000,2510000
2016-05-29 22:28:05.741000,1.11126,1.11119,1000000,1760000
2016-05-29 22:28:06.046000,1.11124,1.11119,1000000,2250000
2016-05-29 22:28:06.149000,1.11128,1.11119,3000000,2330000
2016-05-29 22:28:07.669000,1.11123,1.11119,1000000,1580000
2016-05-29 22:28:07.975000,1.11121,1.11116,1690000,1010000
2016-05-29 22:28:08.498000,1.11127,1.11119,1000000,1500000
2016-05-29 22:28:09.018000,1.11128,1.11119,3190000,1580000
2016-05-29 22:28:10.272000,1.11125,1.11119,1000000,1100000
2016-05-29 22:28:10.600000,1.11121,1.11116,1690000,2510000
2016-05-29 22:28:11.489000,1.11122,1.11118,1690000,1000000
2016-05-29 22:28:15.997000,1.11122,1.11117,3190000,1000000
2016-05-29 22:28:16.624000,1.11122,1.11117,3190000,1000000
2016-05-29 22:28:17.172000,1.11122,1.11116,3190000,1010000
2016-05-29 22:28:17.678000,1.11122,1.11117,3190000,1000000
2016-05-29 22:28:18.571000,1.11120,1.11115,1000000,4580000
2016-05-29 22:28:20.689000,1.11120,1.11114,1000000,3280000
2016-05-29 22:28:24.800000,1.11120,1.11116,1000000,1000000
2016-05-29 22:28:28.020000,1.11120,1.11114,5250000,3280000
2016-05-29 22:28:30.207000,1.11120,1.11114,5250000,4030000
2016-05-29 22:28:34.371000,1.11120,1.11112,3000000,6380000
2016-05-29 22:28:36.244000,1.11120,1.11112,5250000,3750000
2016-05-29 22:28:39.620000,1.11120,1.11114,1120000,2330000
2016-05-29 22:28:39.673000,1.11122,1.11115,1000000,1130000
2016-05-29 22:28:40.180000,1.11123,1.11115,1500000,1130000
2016-05-29 22:28:40.727000,1.11124,1.11115,2250000,1130000
2016-05-29 22:28:46.342000,1.11124,1.11116,1000000,1580000
2016-05-29 22:28:46.697000,1.11126,1.11119,1000000,1580000
2016-05-29 22:28:47.199000,1.11127,1.11119,1000000,2330000
2016-05-29 22:28:50.100000,1.11128,1.11119,1000000,3080000
2016-05-29 22:28:50.405000,1.11130,1.11121,2440000,2330000
2016-05-29 22:28:50.913000,1.11130,1.11121,2440000,1580000
2016-05-29 22:28:52.053000,1.11130,1.11123,2440000,1000000
2016-05-29 22:28:52.602000,1.11130,1.11124,1000000,3000000
2016-05-29 22:28:57.301000,1.11130,1.11125,1000000,1000000
2016-05-29 22:28:57.814000,1.11130,1.11124,1000000,2250000
2016-05-29 22:29:04.032000,1.11129,1.11124,1000000,1500000
2016-05-29 22:29:04.342000,1.11130,1.11122,2250000,3640000
2016-05-29 22:29:04.934000,1.11129,1.11122,1000000,3640000
2016-05-29 22:29:06.031000,1.11128,1.11122,1000000,1390000
2016-05-29 22:29:06.539000,1.11127,1.11122,1000000,1010000
2016-05-29 22:29:18.660000,1.11127,1.11125,1000000,1000000
2016-05-29 22:29:18.763000,1.11129,1.11125,1000000,1000000
2016-05-29 22:29:19.270000,1.11130,1.11125,1000000,1000000
2016-05-29 22:29:32.611000,1.11130,1.11123,1000000,3640000
2016-05-29 22:29:32.713000,1.11127,1.11123,1000000,1250000
2016-05-29 22:29:33.019000,1.11127,1.11119,2910000,1250000
2016-05-29 22:29:33.994000,1.11126,1.11118,1410000,2060000
2016-05-29 22:29:34.484000,1.11128,1.11120,1500000,1580000
2016-05-29 22:29:35.598000,1.11125,1.11120,1000000,1760000
2016-05-29 22:29:36.106000,1.11125,1.11119,1000000,1760000
2016-05-29 22:29:40.658000,1.11125,1.11119,1000000,1330000
2016-05-29 22:29:41.490000,1.11125,1.11118,1000000,2060000
2016-05-29 22:29:50.537000,1.11126,1.11118,1000000,1760000
2016-05-29 22:30:01.490000,1.11126,1.11119,1000000,2890000
2016-05-29 22:30:05.524000,1.11126,1.11120,1000000,1000000
2016-05-29 22:30:06.484000,1.11128,1.11120,1000000,1100000
2016-05-29 22:30:06.687000,1.11128,1.11120,1000000,1760000
2016-05-29 22:30:08.836000,1.11128,1.11120,1000000,2140000
2016-05-29 22:30:11.723000,1.11128,1.11120,1000000,1760000
2016-05-29 22:30:13.378000,1.11128,1.11124,1000000,1500000
2016-05-29 22:30:13.584000,1.11130,1.11124,1500000,1250000
2016-05-29 22:30:18.497000,1.11132,1.11124,1000000,1690000
2016-05-29 22:30:25.526000,1.11132,1.11126,1000000,1690000
2016-05-29 22:30:25.680000,1.11134,1.11126,2620000,1690000
2016-05-29 22:30:27.396000,1.11133,1.11126,1000000,1310000
2016-05-29 22:30:27.498000,1.11130,1.11126,1000000,1250000
2016-05-29 22:30:28.001000,1.11131,1.11126,2250000,1250000
2016-05-29 22:30:28.407000,1.11133,1.11126,1000000,1000000
2016-05-29 22:30:28.610000,1.11131,1.11126,1000000,1000000
2016-05-29 22:30:29.203000,1.11133,1.11125,1000000,5510000
2016-05-29 22:30:29.259000,1.11133,1.11127,1000000,1000000
2016-05-29 22:30:29.585000,1.11131,1.11125,2250000,2140000
2016-05-29 22:30:29.789000,1.11133,1.11125,1000000,2890000
2016-05-29 22:30:29.992000,1.11131,1.11125,1000000,2140000
2016-05-29 22:30:30.566000,1.11131,1.11125,1500000,2140000
2016-05-29 22:30:31.090000,1.11132,1.11125,1190000,1200000
2016-05-29 22:30:31.695000,1.11132,1.11125,1190000,1470000
2016-05-29 22:30:34.534000,1.11132,1.11125,1190000,1200000
2016-05-29 22:30:36.516000,1.11132,1.11125,1190000,1470000
2016-05-29 22:30:37.700000,1.11132,1.11126,1190000,1570000
2016-05-29 22:30:38.512000,1.11132,1.11127,1190000,1000000
2016-05-29 22:30:38.722000,1.11133,1.11127,2060000,1000000
2016-05-29 22:30:39.255000,1.11133,1.11125,2060000,1570000
2016-05-29 22:30:52.478000,1.11133,1.11124,2060000,1870000
2016-05-29 22:30:59.544000,1.11133,1.11125,1690000,1000000
2016-05-29 22:31:01.307000,1.11133,1.11124,1690000,1500000
2016-05-29 22:31:01.358000,1.11130,1.11124,1000000,1120000
2016-05-29 22:31:01.511000,1.11132,1.11123,1250000,3070000
2016-05-29 22:31:02.037000,1.11133,1.11123,2060000,1950000
2016-05-29 22:31:25.888000,1.11133,1.11126,1310000,1000000
2016-05-29 22:31:30.212000,1.11134,1.11127,1190000,1000000
2016-05-29 22:31:31.906000,1.11134,1.11126,1190000,1000000
2016-05-29 22:32:01.474000,1.11135,1.11125,1690000,1070000
2016-05-29 22:32:02.024000,1.11134,1.11125,1000000,1320000
2016-05-29 22:32:08.499000,1.11135,1.11126,1000000,1100000
2016-05-29 22:32:09.027000,1.11136,1.11126,2250000,1100000
2016-05-29 22:32:14.777000,1.11135,1.11126,1000000,1570000
2016-05-29 22:32:15.540000,1.11135,1.11127,1000000,1120000
2016-05-29 22:32:15.745000,1.11135,1.11127,1000000,1370000
2016-05-29 22:32:15.847000,1.11136,1.11127,1500000,1500000
2016-05-29 22:32:15.949000,1.11136,1.11128,1500000,2620000
2016-05-29 22:32:16.154000,1.11138,1.11131,1000000,1000000
2016-05-29 22:32:16.207000,1.11138,1.11133,1000000,1000000
2016-05-29 22:32:16.360000,1.11141,1.11133,1700000,1100000
2016-05-29 22:32:16.412000,1.11141,1.11133,1020000,1260000
2016-05-29 22:32:16.615000,1.11141,1.11132,1510000,1320000
2016-05-29 22:32:16.882000,1.11141,1.11132,1510000,1700000
2016-05-29 22:32:19.773000,1.11141,1.11131,1000000,3560000
2016-05-29 22:32:20.317000,1.11141,1.11131,1890000,3560000
2016-05-29 22:32:21.512000,1.11141,1.11131,1890000,3560000
2016-05-29 22:32:22.683000,1.11141,1.11131,1890000,3560000
2016-05-29 22:32:23.183000,1.11141,1.11131,1890000,3190000
2016-05-29 22:32:24.290000,1.11141,1.11131,1890000,3560000
2016-05-29 22:32:24.800000,1.11141,1.11131,1890000,2810000
2016-05-29 22:32:26.207000,1.11141,1.11131,1890000,3190000
2016-05-29 22:32:26.788000,1.11141,1.11131,1890000,3190000
2016-05-29 22:32:27.708000,1.11139,1.11131,1000000,3190000
2016-05-29 22:32:28.221000,1.11139,1.11130,1000000,2700000
2016-05-29 22:32:28.742000,1.11140,1.11131,1120000,1470000
2016-05-29 22:32:32.584000,1.11141,1.11132,1510000,1370000
2016-05-29 22:32:33.100000,1.11141,1.11132,1020000,1870000
2016-05-29 22:32:33.610000,1.11141,1.11133,1020000,1000000
2016-05-29 22:32:34.131000,1.11140,1.11132,5250000,1190000
2016-05-29 22:32:34.781000,1.11138,1.11131,1500000,1100000
2016-05-29 22:32:35.297000,1.11137,1.11131,1000000,1000000
2016-05-29 22:32:35.832000,1.11138,1.11131,2250000,1000000
2016-05-29 22:32:36.340000,1.11138,1.11130,2250000,1000000
2016-05-29 22:32:36.707000,1.11138,1.11132,2250000,1000000
2016-05-29 22:32:37.383000,1.11135,1.11132,1000000,1000000
2016-05-29 22:32:37.588000,1.11136,1.11126,1870000,6560000
2016-05-29 22:32:38.094000,1.11136,1.11127,2620000,1100000
2016-05-29 22:32:42.901000,1.11134,1.11126,1000000,8890000
2016-05-29 22:32:45.376000,1.11133,1.11126,1000000,3190000
2016-05-29 22:32:48.884000,1.11134,1.11126,1500000,3190000
2016-05-29 22:32:57.349000,1.11135,1.11127,1000000,1250000
2016-05-29 22:33:01.969000,1.11134,1.11127,1000000,1250000
2016-05-29 22:33:03.339000,1.11135,1.11127,1000000,1250000
2016-05-29 22:33:03.846000,1.11136,1.11127,1000000,1250000
2016-05-29 22:33:09.481000,1.11137,1.11130,1000000,1500000
2016-05-29 22:33:09.685000,1.11136,1.11128,1000000,1120000
2016-05-29 22:33:09.939000,1.11135,1.11126,1500000,2290000
2016-05-29 22:33:17.704000,1.11135,1.11127,1000000,1000000
2016-05-29 22:33:19.710000,1.11136,1.11127,1000000,1000000
2016-05-29 22:33:22.121000,1.11136,1.11128,1500000,1250000
2016-05-29 22:33:22.658000,1.11135,1.11128,1000000,1250000
2016-05-29 22:33:23.575000,1.11136,1.11128,1500000,1250000
2016-05-29 22:33:24.077000,1.11135,1.11128,1000000,1310000
2016-05-29 22:33:37.205000,1.11136,1.11128,3000000,1250000
2016-05-29 22:33:37.732000,1.11135,1.11128,1000000,1250000
2016-05-29 22:33:38.245000,1.11136,1.11128,3000000,1250000
2016-05-29 22:33:39.509000,1.11135,1.11128,1000000,1250000
2016-05-29 22:33:48.540000,1.11135,1.11126,1500000,3150000
2016-05-29 22:33:49.743000,1.11135,1.11127,1500000,1190000
2016-05-29 22:33:50.351000,1.11134,1.11127,1000000,1190000
2016-05-29 22:33:50.871000,1.11135,1.11127,1500000,1350000
2016-05-29 22:34:02.878000,1.11134,1.11127,1000000,2100000
2016-05-29 22:34:05.037000,1.11134,1.11129,1000000,1000000
2016-05-29 22:34:05.939000,1.11134,1.11127,1000000,2400000
2016-05-29 22:34:06.451000,1.11134,1.11127,1000000,2400000
2016-05-29 22:34:07.750000,1.11135,1.11127,1000000,2400000
2016-05-29 22:34:08.854000,1.11135,1.11127,1000000,2400000
2016-05-29 22:34:09.957000,1.11135,1.11129,1000000,1000000
2016-05-29 22:34:10.870000,1.11135,1.11130,1000000,1000000
2016-05-29 22:34:11.671000,1.11135,1.11129,1000000,1000000
2016-05-29 22:34:12.271000,1.11135,1.11130,1000000,1000000
2016-05-29 22:34:12.807000,1.11136,1.11130,1500000,1000000
2016-05-29 22:34:13.357000,1.11136,1.11128,1500000,1650000
2016-05-29 22:34:15.801000,1.11136,1.11128,2250000,1650000
2016-05-29 22:34:16.312000,1.11136,1.11131,1500000,1000000
2016-05-29 22:34:17.075000,1.11136,1.11130,1000000,1000000
2016-05-29 22:34:17.596000,1.11136,1.11129,1000000,1250000
2016-05-29 22:34:18.279000,1.11136,1.11130,1000000,1000000
2016-05-29 22:34:19.635000,1.11136,1.11128,1000000,2020000
2016-05-29 22:34:21.121000,1.11136,1.11130,1500000,1000000
2016-05-29 22:34:21.223000,1.11136,1.11132,1000000,1000000
2016-05-29 22:34:21.476000,1.11140,1.11135,2620000,1000000
2016-05-29 22:34:21.527000,1.11139,1.11133,1000000,1000000
2016-05-29 22:34:22.038000,1.11139,1.11134,1000000,1000000
2016-05-29 22:34:22.545000,1.11139,1.11133,1000000,1000000
2016-05-29 22:34:24.049000,1.11138,1.11133,1000000,1000000
2016-05-29 22:34:25.181000,1.11138,1.11132,1500000,1000000
2016-05-29 22:34:25.689000,1.11138,1.11133,1000000,1000000
2016-05-29 22:34:26.195000,1.11139,1.11130,1000000,1870000
2016-05-29 22:34:30.907000,1.11140,1.11131,1000000,4310000
2016-05-29 22:34:31.262000,1.11141,1.11135,2640000,1000000
2016-05-29 22:34:34.567000,1.11141,1.11132,1890000,1470000
2016-05-29 22:34:34.872000,1.11141,1.11138,1020000,1000000
2016-05-29 22:34:35.177000,1.11149,1.11145,1500000,1250000
2016-05-29 22:34:35.477000,1.11149,1.11148,1000000,1000000
2016-05-29 22:34:35.747000,1.11149,1.11146,1000000,1000000
2016-05-29 22:34:36.267000,1.11149,1.11147,1000000,1000000
2016-05-29 22:34:39.383000,1.11150,1.11147,2250000,1000000
2016-05-29 22:34:39.960000,1.11149,1.11147,1000000,1000000
2016-05-29 22:34:41.076000,1.11150,1.11147,3000000,1000000
2016-05-29 22:34:41.287000,1.11150,1.11145,3000000,1250000
2016-05-29 22:34:41.389000,1.11150,1.11147,2250000,1000000
2016-05-29 22:34:41.931000,1.11150,1.11148,3000000,1000000
2016-05-29 22:34:42.438000,1.11150,1.11148,3750000,1000000
2016-05-29 22:34:43.115000,1.11150,1.11148,3750000,1000000
2016-05-29 22:34:43.741000,1.11150,1.11148,3000000,1000000
2016-05-29 22:34:45.223000,1.11150,1.11148,2250000,1000000
2016-05-29 22:34:45.730000,1.11150,1.11148,1500000,1000000
2016-05-29 22:34:46.246000,1.11151,1.11148,1500000,1000000
2016-05-29 22:34:46.956000,1.11151,1.11145,1500000,1690000
2016-05-29 22:34:47.466000,1.11151,1.11146,1500000,1100000
2016-05-29 22:34:48.020000,1.11151,1.11147,1500000,1000000
2016-05-29 22:34:50.943000,1.11151,1.11146,1500000,1000000
2016-05-29 22:34:54.410000,1.11151,1.11144,1500000,4010000
2016-05-29 22:35:00.673000,1.11152,1.11145,3370000,1010000
2016-05-29 22:35:05.939000,1.11152,1.11144,1500000,2320000
2016-05-29 22:35:06.487000,1.11152,1.11144,1500000,1570000
2016-05-29 22:35:13.208000,1.11152,1.11146,1500000,1000000
2016-05-29 22:35:13.715000,1.11152,1.11146,1500000,1370000
2016-05-29 22:35:24.390000,1.11153,1.11146,1870000,1370000
2016-05-29 22:35:27.362000,1.11154,1.11150,2250000,1000000
2016-05-29 22:35:27.887000,1.11155,1.11150,3000000,1000000
2016-05-29 22:35:27.939000,1.11155,1.11147,3000000,2140000
2016-05-29 22:35:28.445000,1.11154,1.11146,1000000,4760000
2016-05-29 22:35:29.045000,1.11155,1.11146,7500000,1760000
2016-05-29 22:35:29.705000,1.11153,1.11146,1500000,1010000
2016-05-29 22:35:30.212000,1.11155,1.11145,7500000,3260000
2016-05-29 22:35:30.746000,1.11153,1.11145,1500000,1100000
2016-05-29 22:35:32.096000,1.11152,1.11145,1000000,1250000
2016-05-29 22:35:32.607000,1.11153,1.11144,1870000,3260000
2016-05-29 22:35:34.426000,1.11153,1.11143,2620000,1690000
2016-05-29 22:35:35.034000,1.11152,1.11143,1000000,1010000
2016-05-29 22:35:35.951000,1.11152,1.11144,1000000,1000000
2016-05-29 22:35:36.465000,1.11152,1.11142,1000000,1260000
2016-05-29 22:35:37.206000,1.11151,1.11141,1000000,4010000
2016-05-29 22:35:37.725000,1.11150,1.11142,1000000,1000000
2016-05-29 22:35:37.928000,1.11148,1.11141,1000000,1950000
2016-05-29 22:35:38.029000,1.11151,1.11142,1690000,1000000
2016-05-29 22:35:41.479000,1.11152,1.11143,3370000,1190000
2016-05-29 22:35:41.991000,1.11151,1.11143,1000000,1190000
2016-05-29 22:35:42.043000,1.11151,1.11141,1000000,1070000
2016-05-29 22:35:42.144000,1.11149,1.11141,1000000,1100000
2016-05-29 22:35:42.449000,1.11152,1.11141,2060000,1100000
2016-05-29 22:35:42.552000,1.11149,1.11141,1000000,1100000
2016-05-29 22:35:42.755000,1.11152,1.11143,1690000,1000000
2016-05-29 22:35:44.122000,1.11151,1.11143,1000000,1000000
2016-05-29 22:35:44.274000,1.11152,1.11145,1000000,1000000
2016-05-29 22:35:44.873000,1.11153,1.11143,1500000,1570000
2016-05-29 22:35:45.037000,1.11151,1.11142,1000000,1070000
2016-05-29 22:35:45.545000,1.11152,1.11144,1000000,1000000
2016-05-29 22:35:48.380000,1.11152,1.11142,1000000,3820000
2016-05-29 22:35:48.431000,1.11149,1.11142,1000000,3070000
2016-05-29 22:35:48.634000,1.11153,1.11144,1000000,1000000
2016-05-29 22:35:48.685000,1.11153,1.11142,1000000,2320000
2016-05-29 22:35:48.736000,1.11151,1.11142,1000000,4570000
2016-05-29 22:35:49.243000,1.11152,1.11143,1000000,1100000
2016-05-29 22:35:50.753000,1.11153,1.11142,1500000,2320000
2016-05-29 22:35:53.707000,1.11153,1.11142,1870000,2320000
2016-05-29 22:35:55.078000,1.11153,1.11143,1500000,1000000
2016-05-29 22:35:55.383000,1.11151,1.11144,1000000,1500000
2016-05-29 22:35:55.535000,1.11150,1.11141,1000000,1070000
2016-05-29 22:35:56.043000,1.11151,1.11141,1000000,1000000
2016-05-29 22:35:56.923000,1.11151,1.11145,1570000,1000000
2016-05-29 22:35:57.096000,1.11153,1.11142,1450000,2250000
2016-05-29 22:35:57.860000,1.11151,1.11141,1000000,5250000
2016-05-29 22:35:59.384000,1.11154,1.11141,2700000,3000000
2016-05-29 22:36:00.272000,1.11151,1.11141,1000000,3000000
2016-05-29 22:36:01.494000,1.11154,1.11141,2620000,2250000
2016-05-29 22:36:02.328000,1.11153,1.11139,1370000,6370000
2016-05-29 22:36:06.164000,1.11151,1.11141,1070000,1220000
2016-05-29 22:36:10.682000,1.11149,1.11140,1000000,4870000
2016-05-29 22:36:13.989000,1.11148,1.11140,1000000,1500000
2016-05-29 22:36:21.033000,1.11147,1.11140,1000000,2250000
2016-05-29 22:36:24.944000,1.11149,1.11140,1760000,1000000
2016-05-29 22:36:25.447000,1.11148,1.11139,1000000,2250000
2016-05-29 22:36:25.996000,1.11149,1.11139,1760000,2250000
2016-05-29 22:36:26.497000,1.11148,1.11139,1000000,2250000
2016-05-29 22:36:28.002000,1.11149,1.11139,1760000,2250000
2016-05-29 22:36:28.551000,1.11148,1.11139,1000000,2250000
2016-05-29 22:36:29.103000,1.11149,1.11139,1760000,2250000
2016-05-29 22:36:29.755000,1.11149,1.11139,1760000,2250000
2016-05-29 22:36:31.764000,1.11147,1.11139,1000000,2250000
2016-05-29 22:36:32.861000,1.11146,1.11139,1000000,1000000
2016-05-29 22:36:32.917000,1.11146,1.11137,1000000,1870000
2016-05-29 22:36:33.483000,1.11146,1.11136,1000000,3820000
2016-05-29 22:36:36.324000,1.11145,1.11136,1000000,2320000
2016-05-29 22:36:38.823000,1.11147,1.11136,1260000,1500000
2016-05-29 22:36:40.125000,1.11145,1.11136,1000000,1500000
2016-05-29 22:36:41.011000,1.11147,1.11136,1260000,1500000
2016-05-29 22:36:42.425000,1.11145,1.11136,1000000,1500000
2016-05-29 22:36:45.841000,1.11145,1.11135,1250000,1570000
2016-05-29 22:36:46.390000,1.11144,1.11134,1000000,4570000
2016-05-29 22:36:46.897000,1.11143,1.11134,1000000,4500000
2016-05-29 22:36:47.151000,1.11141,1.11134,1250000,3750000
2016-05-29 22:36:52.008000,1.11144,1.11134,1190000,2320000
2016-05-29 22:36:54.524000,1.11147,1.11135,4310000,1000000
2016-05-29 22:36:56.713000,1.11147,1.11134,3560000,1500000
2016-05-29 22:36:57.219000,1.11143,1.11133,1250000,3830000
2016-05-29 22:37:03.230000,1.11145,1.11132,1120000,2330000
2016-05-29 22:37:03.736000,1.11145,1.11132,1120000,2330000
2016-05-29 22:37:05.537000,1.11142,1.11132,1000000,3080000
2016-05-29 22:37:09.450000,1.11142,1.11132,1000000,3070000
2016-05-29 22:37:15.559000,1.11143,1.11133,1100000,1000000
2016-05-29 22:37:22.074000,1.11142,1.11132,1000000,1570000
2016-05-29 22:37:22.596000,1.11142,1.11132,2320000,1000000
2016-05-29 22:37:23.104000,1.11141,1.11132,1290000,1000000
2016-05-29 22:37:24.379000,1.11141,1.11133,1290000,1000000
2016-05-29 22:37:27.180000,1.11141,1.11131,1190000,3540000
2016-05-29 22:37:27.403000,1.11142,1.11132,1000000,1100000
2016-05-29 22:37:31.475000,1.11141,1.11131,1000000,2790000
2016-05-29 22:37:31.982000,1.11142,1.11132,1000000,1100000
2016-05-29 22:37:34.239000,1.11142,1.11131,1100000,2790000
2016-05-29 22:37:34.767000,1.11142,1.11132,1570000,1000000
2016-05-29 22:37:37.840000,1.11142,1.11133,1500000,1500000
2016-05-29 22:37:40.348000,1.11143,1.11133,1760000,1000000
2016-05-29 22:37:40.400000,1.11141,1.11132,1000000,1570000
2016-05-29 22:37:40.918000,1.11142,1.11130,1100000,5140000
2016-05-29 22:37:44.389000,1.11141,1.11131,1000000,2140000
2016-05-29 22:37:56.383000,1.11142,1.11132,1100000,1000000
2016-05-29 22:37:58.821000,1.11143,1.11133,1760000,1000000
2016-05-29 22:37:59.327000,1.11143,1.11133,1760000,1000000
2016-05-29 22:38:09.231000,1.11142,1.11133,1000000,1000000
2016-05-29 22:38:10.093000,1.11142,1.11132,1500000,2320000
2016-05-29 22:38:14.239000,1.11140,1.11132,1000000,2320000
2016-05-29 22:38:14.758000,1.11142,1.11132,1100000,2250000
2016-05-29 22:38:19.202000,1.11141,1.11132,1000000,1000000
2016-05-29 22:38:19.709000,1.11141,1.11131,1190000,2140000
2016-05-29 22:38:20.441000,1.11141,1.11132,1690000,1000000
2016-05-29 22:38:38.157000,1.11142,1.11132,1250000,1500000
2016-05-29 22:38:39.824000,1.11143,1.11133,1290000,1000000
2016-05-29 22:38:40.589000,1.11144,1.11132,3260000,2250000
2016-05-29 22:38:54.166000,1.11141,1.11132,1000000,1000000
2016-05-29 22:38:54.692000,1.11142,1.11132,1000000,1000000
2016-05-29 22:38:55.198000,1.11141,1.11131,1000000,3640000
2016-05-29 22:38:55.767000,1.11141,1.11132,1000000,1000000
2016-05-29 22:38:56.276000,1.11141,1.11131,1500000,2810000
2016-05-29 22:38:56.885000,1.11141,1.11132,1500000,1000000
2016-05-29 22:39:01.783000,1.11141,1.11131,1500000,2890000
2016-05-29 22:39:02.290000,1.11140,1.11131,1000000,2810000
2016-05-29 22:39:02.807000,1.11140,1.11132,3000000,1000000
2016-05-29 22:39:09.410000,1.11140,1.11131,3000000,2140000
2016-05-29 22:39:12.496000,1.11140,1.11132,4500000,1000000
2016-05-29 22:39:13.026000,1.11139,1.11132,1000000,1000000
2016-05-29 22:39:39.122000,1.11139,1.11133,1000000,1000000
2016-05-29 22:39:39.225000,1.11141,1.11132,3000000,1000000
2016-05-29 22:39:39.748000,1.11141,1.11131,1000000,2980000
2016-05-29 22:39:40.327000,1.11140,1.11132,1000000,1000000
2016-05-29 22:39:43.821000,1.11140,1.11131,1000000,4480000
2016-05-29 22:39:44.340000,1.11142,1.11132,1000000,1000000
2016-05-29 22:39:44.860000,1.11141,1.11133,1200000,1000000
2016-05-29 22:39:53.606000,1.11141,1.11132,1200000,1500000
2016-05-29 22:40:21.501000,1.11141,1.11132,1840000,1000000
2016-05-29 22:40:22.028000,1.11141,1.11131,2590000,4410000
2016-05-29 22:40:24.584000,1.11141,1.11133,1840000,3000000
2016-05-29 22:40:24.737000,1.11142,1.11133,3190000,2250000
2016-05-29 22:40:30.214000,1.11142,1.11132,2440000,1500000
2016-05-29 22:40:36.521000,1.11141,1.11132,1000000,1570000
2016-05-29 22:40:37.030000,1.11141,1.11132,1190000,1570000
2016-05-29 22:40:37.693000,1.11141,1.11133,1190000,1000000
2016-05-29 22:40:42.366000,1.11142,1.11132,2440000,1100000
2016-05-29 22:40:50.284000,1.11141,1.11132,1690000,1070000
2016-05-29 22:40:54.765000,1.11141,1.11132,1690000,1070000
2016-05-29 22:40:57.322000,1.11141,1.11132,1690000,1100000
2016-05-29 22:40:58.106000,1.11141,1.11132,1250000,1570000
2016-05-29 22:41:00.512000,1.11141,1.11132,1250000,1570000
2016-05-29 22:41:04.890000,1.11141,1.11132,1690000,1100000
2016-05-29 22:41:16.739000,1.11141,1.11133,1560000,1000000
2016-05-29 22:41:22.722000,1.11142,1.11132,2810000,1500000
2016-05-29 22:41:26.487000,1.11141,1.11132,1560000,1070000
2016-05-29 22:41:27.112000,1.11141,1.11130,1560000,3070000
2016-05-29 22:41:27.646000,1.11141,1.11132,1560000,1000000
2016-05-29 22:41:34.807000,1.11141,1.11132,1310000,1000000
2016-05-29 22:41:35.323000,1.11141,1.11131,1310000,1570000
2016-05-29 22:41:35.829000,1.11141,1.11132,1620000,1000000
2016-05-29 22:41:36.526000,1.11141,1.11130,1620000,4570000
2016-05-29 22:41:37.032000,1.11141,1.11132,1620000,1000000
