time,ask,bid,ask_volume,bid_volume
2016-08-21 21:00:35.067000,1.13134,1.13088,750000,750000
2016-08-21 21:00:51.081000,1.13131,1.13095,750000,750000
2016-08-21 21:00:51.399000,1.13128,1.13092,750000,750000
2016-08-21 21:00:51.949000,1.13127,1.13091,750000,750000
2016-08-21 21:01:04.880000,1.13128,1.13092,750000,750000
2016-08-21 21:01:05.460000,1.13124,1.13092,750000,750000
2016-08-21 21:01:18.478000,1.13124,1.13093,750000,750000
2016-08-21 21:01:37.071000,1.13124,1.13094,750000,750000
2016-08-21 21:01:43.067000,1.13123,1.13094,750000,750000
2016-08-21 21:01:43.118000,1.13123,1.13102,1500000,750000
2016-08-21 21:01:43.169000,1.13120,1.13102,750000,750000
2016-08-21 21:01:51.881000,1.13121,1.13102,1500000,750000
2016-08-21 21:01:52.440000,1.13120,1.13102,750000,750000
2016-08-21 21:01:56.896000,1.13120,1.13100,750000,750000
2016-08-21 21:01:56.946000,1.13121,1.13100,750000,750000
2016-08-21 21:01:57.048000,1.13134,1.13104,750000,750000
2016-08-21 21:01:57.225000,1.13139,1.13104,750000,750000
2016-08-21 21:01:58.271000,1.13149,1.13104,750000,750000
2016-08-21 21:02:20.618000,1.13149,1.13119,750000,370000
2016-08-21 21:02:20.719000,1.13149,1.13138,750000,750000
2016-08-21 21:02:20.871000,1.13150,1.13138,1500000,750000
2016-08-21 21:02:20.972000,1.13150,1.13136,1500000,750000
2016-08-21 21:02:21.216000,1.13150,1.13141,1500000,750000
2016-08-21 21:02:21.918000,1.13150,1.13143,1500000,750000
2016-08-21 21:02:25.448000,1.13150,1.13141,1500000,750000
2016-08-21 21:02:25.549000,1.13150,1.13139,1500000,750000
2016-08-21 21:02:29.368000,1.13150,1.13140,1500000,750000
2016-08-21 21:02:29.869000,1.13150,1.13141,1500000,750000
2016-08-21 21:02:36.520000,1.13150,1.13141,750000,750000
2016-08-21 21:02:37.821000,1.13150,1.13141,1500000,750000
2016-08-21 21:03:01.864000,1.13150,1.13142,1500000,750000
2016-08-21 21:03:02.893000,1.13150,1.13142,750000,750000
2016-08-21 21:03:04.624000,1.13150,1.13142,1500000,750000
2016-08-21 21:03:12.864000,1.13150,1.13142,750000,750000
2016-08-21 21:03:16.868000,1.13150,1.13142,1500000,750000
2016-08-21 21:03:20.873000,1.13151,1.13142,750000,750000
2016-08-21 21:03:21.585000,1.13150,1.13142,750000,750000
2016-08-21 21:03:22.693000,1.13150,1.13140,750000,750000
2016-08-21 21:03:22.744000,1.13159,1.13140,750000,750000
2016-08-21 21:03:22.795000,1.13159,1.13144,750000,750000
2016-08-21 21:03:22.845000,1.13150,1.13144,750000,750000
2016-08-21 21:03:22.896000,1.13150,1.13138,750000,750000
2016-08-21 21:03:22.947000,1.13150,1.13138,1500000,750000
2016-08-21 21:03:23.576000,1.13150,1.13141,1500000,750000
2016-08-21 21:03:23.778000,1.13150,1.13139,1500000,750000
2016-08-21 21:03:24.321000,1.13150,1.13140,1500000,750000
2016-08-21 21:03:49.821000,1.13150,1.13140,750000,750000
2016-08-21 21:03:52.774000,1.13150,1.13140,1500000,750000
2016-08-21 21:04:02.764000,1.13150,1.13140,1500000,1000000
2016-08-21 21:04:04.401000,1.13150,1.13141,1500000,1000000
2016-08-21 21:04:07.256000,1.13150,1.13141,1690000,1000000
2016-08-21 21:04:15.014000,1.13150,1.13142,1690000,1000000
2016-08-21 21:04:16.417000,1.13150,1.13143,1690000,750000
2016-08-21 21:04:16.469000,1.13150,1.13146,1500000,1000000
2016-08-21 21:04:16.521000,1.13150,1.13144,1500000,1000000
2016-08-21 21:04:16.622000,1.13150,1.13144,1500000,750000
2016-08-21 21:04:16.724000,1.13150,1.13142,1690000,1000000
2016-08-21 21:04:23.035000,1.13150,1.13142,1190000,1000000
2016-08-21 21:04:27.856000,1.13151,1.13142,1190000,1000000
2016-08-21 21:04:31.862000,1.13150,1.13142,1190000,1000000
2016-08-21 21:04:39.874000,1.13151,1.13142,1190000,1000000
2016-08-21 21:04:40.854000,1.13150,1.13142,1190000,1000000
2016-08-21 21:05:05.904000,1.13151,1.13142,1190000,1000000
2016-08-21 21:05:06.593000,1.13150,1.13142,1190000,1000000
2016-08-21 21:05:14.464000,1.13150,1.13140,1190000,1000000
2016-08-21 21:05:19.832000,1.13151,1.13140,1190000,1000000
2016-08-21 21:05:20.833000,1.13150,1.13140,1190000,1000000
2016-08-21 21:05:21.364000,1.13151,1.13140,1190000,1000000
2016-08-21 21:05:21.787000,1.13163,1.13159,3940000,1000000
2016-08-21 21:05:21.838000,1.13175,1.13159,1690000,1000000
2016-08-21 21:05:21.889000,1.13175,1.13151,1190000,1370000
2016-08-21 21:05:21.939000,1.13193,1.13153,1250000,1000000
2016-08-21 21:05:21.991000,1.13163,1.13151,2500000,1370000
2016-08-21 21:05:22.042000,1.13150,1.13148,1500000,1000000
2016-08-21 21:05:22.093000,1.13150,1.13149,1000000,1000000
2016-08-21 21:05:22.144000,1.13165,1.13146,1690000,1000000
2016-08-21 21:05:22.246000,1.13152,1.13146,940000,1000000
2016-08-21 21:05:22.297000,1.13150,1.13144,1190000,2500000
2016-08-21 21:05:22.348000,1.13150,1.13136,1690000,1000000
2016-08-21 21:05:22.398000,1.13150,1.13136,1000000,1000000
2016-08-21 21:05:22.449000,1.13174,1.13136,1320000,1000000
2016-08-21 21:05:22.500000,1.13174,1.13141,1000000,1000000
2016-08-21 21:05:22.551000,1.13181,1.13141,100000,1000000
2016-08-21 21:05:22.602000,1.13150,1.13136,1000000,1000000
2016-08-21 21:05:22.653000,1.13150,1.13136,1500000,1000000
2016-08-21 21:05:22.703000,1.13150,1.13137,1000000,1370000
2016-08-21 21:05:22.754000,1.13174,1.13140,1000000,1000000
2016-08-21 21:05:22.805000,1.13174,1.13139,1000000,1500000
2016-08-21 21:05:22.856000,1.13174,1.13139,1000000,1000000
2016-08-21 21:05:22.907000,1.13150,1.13136,1000000,1370000
2016-08-21 21:05:22.958000,1.13150,1.13136,1500000,1000000
2016-08-21 21:05:23.516000,1.13150,1.13141,1500000,1000000
2016-08-21 21:05:23.618000,1.13150,1.13136,1500000,1000000
2016-08-21 21:05:25.994000,1.13150,1.13137,1500000,1000000
2016-08-21 21:05:26.694000,1.13150,1.13139,1500000,1000000
2016-08-21 21:05:30.061000,1.13150,1.13139,1690000,1000000
2016-08-21 21:05:41.059000,1.13150,1.13145,1690000,7500000
2016-08-21 21:05:43.522000,1.13150,1.13145,1190000,7500000
2016-08-21 21:05:43.815000,1.13150,1.13145,1690000,7500000
2016-08-21 21:05:45.717000,1.13150,1.13144,1690000,7500000
2016-08-21 21:05:49.943000,1.13150,1.13144,1690000,8500000
2016-08-21 21:05:49.994000,1.13150,1.13149,1500000,1250000
2016-08-21 21:05:50.046000,1.13153,1.13150,1000000,2250000
2016-08-21 21:05:50.097000,1.13153,1.13149,1750000,1690000
2016-08-21 21:05:50.148000,1.13157,1.13150,750000,2250000
2016-08-21 21:05:50.199000,1.13157,1.13150,1750000,3000000
2016-08-21 21:05:50.250000,1.13155,1.13149,1000000,1000000
2016-08-21 21:05:50.300000,1.13150,1.13145,1000000,7500000
2016-08-21 21:05:50.454000,1.13151,1.13145,1000000,7500000
2016-08-21 21:05:50.510000,1.13152,1.13146,1000000,7500000
2016-08-21 21:05:50.560000,1.13150,1.13146,1190000,7500000
2016-08-21 21:05:50.611000,1.13150,1.13146,1690000,7500000
2016-08-21 21:05:50.662000,1.13150,1.13146,1500000,7500000
2016-08-21 21:05:50.764000,1.13169,1.13146,1250000,7500000
2016-08-21 21:05:50.814000,1.13153,1.13146,1000000,7500000
2016-08-21 21:05:51.069000,1.13169,1.13146,1250000,7500000
2016-08-21 21:05:52.877000,1.13174,1.13146,1250000,7500000
2016-08-21 21:05:54.529000,1.13174,1.13146,1000000,7500000
2016-08-21 21:05:54.580000,1.13182,1.13145,1000000,7500000
2016-08-21 21:05:54.878000,1.13182,1.13154,1000000,1000000
2016-08-21 21:05:54.980000,1.13184,1.13154,1250000,1000000
2016-08-21 21:05:55.031000,1.13184,1.13154,1000000,1000000
2016-08-21 21:05:55.183000,1.13192,1.13160,1000000,1000000
2016-08-21 21:05:58.555000,1.13192,1.13160,1690000,1000000
2016-08-21 21:05:58.657000,1.13190,1.13160,2060000,1000000
2016-08-21 21:05:58.710000,1.13189,1.13160,1690000,1000000
2016-08-21 21:06:02.489000,1.13189,1.13160,1310000,1000000
2016-08-21 21:06:02.540000,1.13189,1.13160,1250000,1000000
2016-08-21 21:06:03.381000,1.13190,1.13160,1190000,1000000
2016-08-21 21:06:03.432000,1.13190,1.13160,1000000,1000000
2016-08-21 21:06:03.483000,1.13194,1.13160,1000000,1000000
2016-08-21 21:06:06.383000,1.13196,1.13168,1690000,750000
2016-08-21 21:06:06.485000,1.13195,1.13169,1000000,1000000
2016-08-21 21:06:06.586000,1.13198,1.13169,1000000,1000000
2016-08-21 21:06:14.225000,1.13198,1.13174,1000000,1000000
2016-08-21 21:06:16.686000,1.13198,1.13177,1000000,1000000
2016-08-21 21:06:16.737000,1.13200,1.13177,1690000,1000000
2016-08-21 21:06:16.899000,1.13200,1.13176,2440000,1000000
2016-08-21 21:06:17.856000,1.13200,1.13188,1690000,750000
2016-08-21 21:06:18.132000,1.13200,1.13186,1690000,750000
2016-08-21 21:06:18.809000,1.13200,1.13186,1690000,1000000
2016-08-21 21:06:26.509000,1.13200,1.13190,1250000,1000000
2016-08-21 21:06:26.765000,1.13200,1.13193,1250000,1000000
2016-08-21 21:06:26.867000,1.13200,1.13191,1250000,1000000
2016-08-21 21:06:26.918000,1.13202,1.13193,1190000,1000000
2016-08-21 21:06:26.969000,1.13214,1.13193,1000000,1000000
2016-08-21 21:06:28.600000,1.13212,1.13193,1370000,1000000
2016-08-21 21:06:28.651000,1.13210,1.13193,1000000,1000000
2016-08-21 21:06:28.702000,1.13215,1.13193,1870000,1000000
2016-08-21 21:06:28.753000,1.13212,1.13193,1000000,1000000
2016-08-21 21:06:28.854000,1.13216,1.13193,1500000,1000000
2016-08-21 21:06:30.286000,1.13220,1.13197,3670000,1000000
2016-08-21 21:06:30.337000,1.13220,1.13197,1000000,1500000
2016-08-21 21:06:30.388000,1.13220,1.13198,1000000,1000000
2016-08-21 21:06:30.439000,1.13225,1.13198,1000000,1000000
2016-08-21 21:06:30.541000,1.13227,1.13199,2250000,1000000
2016-08-21 21:06:34.213000,1.13227,1.13208,2250000,1000000
2016-08-21 21:06:34.265000,1.13239,1.13208,1250000,1000000
2016-08-21 21:06:34.417000,1.13239,1.13206,1250000,1000000
2016-08-21 21:06:34.469000,1.13239,1.13198,1250000,1690000
2016-08-21 21:06:34.520000,1.13239,1.13198,1250000,1500000
2016-08-21 21:06:38.493000,1.13239,1.13199,1250000,1000000
2016-08-21 21:06:42.857000,1.13239,1.13199,1690000,1000000
2016-08-21 21:06:54.029000,1.13239,1.13203,1690000,1000000
2016-08-21 21:07:01.140000,1.13214,1.13203,370000,1000000
2016-08-21 21:07:01.191000,1.13198,1.13191,1190000,1500000
2016-08-21 21:07:01.243000,1.13195,1.13189,1690000,1000000
2016-08-21 21:07:01.345000,1.13193,1.13187,1190000,1000000
2016-08-21 21:07:01.599000,1.13193,1.13185,1190000,1000000
2016-08-21 21:07:01.752000,1.13192,1.13185,1250000,1000000
2016-08-21 21:07:02.840000,1.13193,1.13186,1190000,1000000
2016-08-21 21:07:04.240000,1.13188,1.13181,1000000,1000000
2016-08-21 21:07:05.246000,1.13189,1.13181,1000000,1000000
2016-08-21 21:07:05.545000,1.13190,1.13181,1500000,1000000
2016-08-21 21:07:05.647000,1.13189,1.13181,1000000,1000000
2016-08-21 21:07:08.528000,1.13190,1.13175,1690000,750000
2016-08-21 21:07:08.578000,1.13190,1.13158,1690000,1000000
2016-08-21 21:07:08.629000,1.13190,1.13155,1690000,1500000
2016-08-21 21:07:08.680000,1.13190,1.13155,1690000,1000000
2016-08-21 21:07:08.731000,1.13190,1.13154,2440000,1000000
2016-08-21 21:07:09.097000,1.13190,1.13154,1690000,1000000
2016-08-21 21:07:09.199000,1.13189,1.13154,1250000,1000000
2016-08-21 21:07:09.704000,1.13190,1.13176,2440000,6750000
2016-08-21 21:07:11.615000,1.13190,1.13180,1500000,6750000
2016-08-21 21:07:11.666000,1.13190,1.13185,750000,6750000
2016-08-21 21:07:11.717000,1.13202,1.13186,1000000,6750000
2016-08-21 21:07:12.261000,1.13202,1.13185,1000000,6750000
2016-08-21 21:07:17.776000,1.13203,1.13185,1370000,6750000
2016-08-21 21:07:17.828000,1.13203,1.13185,1000000,6750000
2016-08-21 21:07:17.879000,1.13205,1.13185,1690000,6750000
2016-08-21 21:07:17.980000,1.13205,1.13185,1500000,6750000
2016-08-21 21:07:18.089000,1.13213,1.13185,1500000,6750000
2016-08-21 21:07:21.813000,1.13213,1.13185,1000000,6750000
2016-08-21 21:07:21.864000,1.13215,1.13185,1690000,6750000
2016-08-21 21:07:21.915000,1.13215,1.13185,1250000,6750000
2016-08-21 21:07:21.968000,1.13215,1.13185,1000000,6750000
2016-08-21 21:07:22.019000,1.13222,1.13186,1000000,6750000
2016-08-21 21:07:28.489000,1.13223,1.13186,1370000,6750000
2016-08-21 21:07:28.540000,1.13223,1.13188,1000000,1000000
2016-08-21 21:07:28.591000,1.13224,1.13188,1000000,1000000
2016-08-21 21:07:28.642000,1.13230,1.13198,2250000,750000
2016-08-21 21:07:28.693000,1.13228,1.13198,1370000,750000
2016-08-21 21:07:28.744000,1.13227,1.13193,1000000,1000000
2016-08-21 21:07:28.796000,1.13233,1.13194,1750000,1000000
2016-08-21 21:07:28.846000,1.13232,1.13194,1000000,1000000
2016-08-21 21:07:30.832000,1.13232,1.13189,1000000,1000000
2016-08-21 21:07:33.784000,1.13204,1.13189,370000,1000000
2016-08-21 21:07:33.835000,1.13202,1.13189,1000000,1000000
2016-08-21 21:07:33.937000,1.13190,1.13183,1000000,6000000
2016-08-21 21:07:33.988000,1.13187,1.13182,1000000,6000000
2016-08-21 21:07:34.039000,1.13187,1.13176,1690000,1000000
2016-08-21 21:07:34.090000,1.13185,1.13176,1190000,1000000
2016-08-21 21:07:34.141000,1.13200,1.13187,1000000,3750000
2016-08-21 21:07:34.192000,1.13203,1.13187,1000000,3750000
2016-08-21 21:07:34.248000,1.13214,1.13187,1690000,4500000
2016-08-21 21:07:34.298000,1.13219,1.13187,1250000,4500000
2016-08-21 21:07:34.349000,1.13219,1.13187,1690000,4500000
2016-08-21 21:07:34.400000,1.13219,1.13187,1500000,4500000
2016-08-21 21:07:34.451000,1.13220,1.13187,1000000,4500000
2016-08-21 21:07:35.042000,1.13220,1.13188,1000000,3750000
2016-08-21 21:07:39.681000,1.13223,1.13188,1370000,3750000
2016-08-21 21:07:39.732000,1.13223,1.13188,1000000,3750000
2016-08-21 21:07:46.054000,1.13223,1.13189,1000000,1190000
2016-08-21 21:07:46.105000,1.13223,1.13190,1000000,1250000
2016-08-21 21:07:46.156000,1.13225,1.13197,1000000,1000000
2016-08-21 21:07:46.207000,1.13226,1.13197,1000000,1000000
2016-08-21 21:07:46.360000,1.13234,1.13197,1690000,1000000
2016-08-21 21:07:46.462000,1.13234,1.13197,1250000,1000000
2016-08-21 21:07:52.843000,1.13234,1.13195,1250000,1000000
2016-08-21 21:08:03.949000,1.13234,1.13195,1000000,1000000
2016-08-21 21:08:09.925000,1.13234,1.13195,1250000,1000000
2016-08-21 21:08:11.461000,1.13234,1.13198,1000000,1000000
2016-08-21 21:08:11.563000,1.13239,1.13198,1250000,1000000
2016-08-21 21:08:14.010000,1.13239,1.13197,1250000,1000000
2016-08-21 21:08:14.761000,1.13239,1.13195,1690000,1000000
2016-08-21 21:08:14.813000,1.13239,1.13195,2060000,1000000
2016-08-21 21:08:14.864000,1.13238,1.13189,1690000,1500000
2016-08-21 21:08:14.915000,1.13238,1.13187,1690000,3000000
2016-08-21 21:08:24.260000,1.13238,1.13187,2440000,3000000
2016-08-21 21:08:27.853000,1.13237,1.13187,1000000,3000000
2016-08-21 21:08:34.225000,1.13238,1.13187,1690000,3000000
2016-08-21 21:08:34.881000,1.13238,1.13191,1690000,1000000
2016-08-21 21:08:42.868000,1.13238,1.13191,2440000,1000000
2016-08-21 21:08:42.919000,1.13237,1.13191,1000000,1000000
2016-08-21 21:08:48.643000,1.13235,1.13187,1000000,2250000
2016-08-21 21:08:59.712000,1.13237,1.13187,1000000,2250000
2016-08-21 21:08:59.912000,1.13235,1.13187,1000000,2250000
2016-08-21 21:09:12.629000,1.13237,1.13187,1500000,2250000
2016-08-21 21:09:14.579000,1.13237,1.13187,1000000,2250000
2016-08-21 21:09:15.584000,1.13236,1.13187,1000000,2250000
2016-08-21 21:09:23.742000,1.13222,1.13186,750000,2250000
2016-08-21 21:09:23.794000,1.13220,1.13186,1000000,2250000
2016-08-21 21:09:23.845000,1.13219,1.13187,1000000,2250000
2016-08-21 21:09:28.594000,1.13220,1.13187,1500000,2250000
2016-08-21 21:09:31.669000,1.13220,1.13188,1500000,1000000
2016-08-21 21:09:32.422000,1.13220,1.13188,1000000,1000000
2016-08-21 21:09:33.436000,1.13220,1.13188,1500000,1000000
2016-08-21 21:09:34.194000,1.13220,1.13195,1500000,1000000
2016-08-21 21:09:37.228000,1.13220,1.13195,1000000,1000000
2016-08-21 21:09:39.030000,1.13220,1.13195,1500000,1000000
2016-08-21 21:09:39.295000,1.13220,1.13195,1000000,1000000
2016-08-21 21:09:39.345000,1.13221,1.13195,1000000,1000000
2016-08-21 21:09:41.579000,1.13221,1.13188,1000000,1120000
2016-08-21 21:09:41.629000,1.13221,1.13188,1000000,1000000
2016-08-21 21:10:33.591000,1.13221,1.13187,1000000,1000000
2016-08-21 21:10:41.603000,1.13229,1.13187,1000000,1000000
2016-08-21 21:10:51.266000,1.13230,1.13187,1000000,1000000
2016-08-21 21:11:03.266000,1.13225,1.13187,1000000,1000000
2016-08-21 21:11:13.590000,1.13225,1.13188,1000000,1000000
2016-08-21 21:11:44.105000,1.13223,1.13186,1000000,1500000
2016-08-21 21:11:44.207000,1.13220,1.13186,1190000,1500000
2016-08-21 21:11:44.259000,1.13218,1.13186,1000000,1500000
2016-08-21 21:11:45.023000,1.13218,1.13185,1000000,2250000
2016-08-21 21:11:57.542000,1.13218,1.13185,1000000,1500000
2016-08-21 21:12:00.064000,1.13219,1.13196,1250000,1000000
2016-08-21 21:12:00.166000,1.13220,1.13196,1190000,1000000
2016-08-21 21:12:02.875000,1.13220,1.13196,1690000,1000000
2016-08-21 21:12:04.856000,1.13220,1.13196,2440000,1000000
2016-08-21 21:12:04.948000,1.13220,1.13196,3190000,1000000
2016-08-21 21:12:07.921000,1.13211,1.13196,1000000,1000000
2016-08-21 21:12:07.972000,1.13204,1.13192,1190000,1000000
2016-08-21 21:12:08.074000,1.13202,1.13192,1190000,1000000
2016-08-21 21:12:12.332000,1.13203,1.13192,1190000,1000000
2016-08-21 21:12:13.032000,1.13202,1.13192,1190000,1000000
2016-08-21 21:12:17.343000,1.13202,1.13192,1560000,1000000
2016-08-21 21:12:39.970000,1.13202,1.13191,1560000,1000000
2016-08-21 21:12:46.758000,1.13202,1.13192,1560000,1000000
2016-08-21 21:12:47.263000,1.13203,1.13192,1560000,1000000
2016-08-21 21:12:48.120000,1.13202,1.13192,1560000,1000000
2016-08-21 21:12:51.515000,1.13202,1.13192,1310000,1000000
2016-08-21 21:12:58.169000,1.13202,1.13193,1120000,1500000
2016-08-21 21:12:58.220000,1.13210,1.13193,1370000,2620000
2016-08-21 21:12:58.271000,1.13205,1.13194,370000,1120000
2016-08-21 21:12:58.322000,1.13211,1.13194,1370000,1120000
2016-08-21 21:12:58.373000,1.13211,1.13194,1000000,1500000
2016-08-21 21:13:05.370000,1.13196,1.13194,1500000,1000000
2016-08-21 21:13:05.421000,1.13194,1.13189,1000000,1000000
2016-08-21 21:13:05.479000,1.13194,1.13189,2250000,1000000
2016-08-21 21:13:05.530000,1.13194,1.13186,2250000,1500000
2016-08-21 21:13:05.888000,1.13194,1.13186,1500000,1500000
2016-08-21 21:13:06.040000,1.13194,1.13186,1870000,1500000
2016-08-21 21:13:07.342000,1.13195,1.13186,4120000,1500000
2016-08-21 21:13:08.125000,1.13195,1.13187,4120000,1000000
2016-08-21 21:13:08.176000,1.13195,1.13190,1870000,1000000
2016-08-21 21:13:08.228000,1.13200,1.13190,1370000,1000000
2016-08-21 21:13:08.279000,1.13208,1.13190,1370000,1000000
2016-08-21 21:13:08.331000,1.13204,1.13186,1100000,1500000
2016-08-21 21:13:08.382000,1.13204,1.13186,1000000,1500000
2016-08-21 21:13:12.424000,1.13204,1.13186,1000000,2440000
2016-08-21 21:13:12.476000,1.13219,1.13194,1870000,1000000
2016-08-21 21:13:12.559000,1.13213,1.13194,370000,1000000
2016-08-21 21:13:12.610000,1.13213,1.13194,370000,1500000
2016-08-21 21:13:12.661000,1.13225,1.13194,1370000,1500000
2016-08-21 21:13:12.764000,1.13230,1.13194,1380000,1500000
2016-08-21 21:13:13.454000,1.13230,1.13194,1380000,1000000
2016-08-21 21:13:13.505000,1.13225,1.13193,1370000,1100000
2016-08-21 21:13:13.557000,1.13194,1.13190,1500000,1370000
2016-08-21 21:13:13.609000,1.13190,1.13186,1000000,1870000
2016-08-21 21:13:13.660000,1.13190,1.13186,2440000,1570000
2016-08-21 21:13:13.762000,1.13190,1.13185,2440000,1500000
2016-08-21 21:13:14.078000,1.13190,1.13185,2810000,1500000
2016-08-21 21:13:14.592000,1.13190,1.13186,2060000,2250000
2016-08-21 21:13:14.643000,1.13192,1.13186,370000,2250000
2016-08-21 21:13:14.745000,1.13204,1.13186,1000000,2250000
2016-08-21 21:13:15.602000,1.13205,1.13186,2320000,1500000
2016-08-21 21:13:15.704000,1.13205,1.13186,1570000,1500000
2016-08-21 21:13:15.755000,1.13205,1.13186,1500000,1500000
2016-08-21 21:13:15.806000,1.13205,1.13186,1500000,2250000
2016-08-21 21:13:15.857000,1.13223,1.13188,1370000,1000000
2016-08-21 21:13:15.959000,1.13232,1.13188,1010000,1000000
2016-08-21 21:13:16.370000,1.13231,1.13188,1010000,1000000
2016-08-21 21:13:20.279000,1.13232,1.13188,1010000,1000000
2016-08-21 21:13:24.621000,1.13225,1.13188,1000000,1000000
2016-08-21 21:13:24.672000,1.13222,1.13188,1000000,1000000
2016-08-21 21:13:24.774000,1.13222,1.13188,1100000,1000000
2016-08-21 21:13:25.186000,1.13229,1.13188,1380000,1000000
2016-08-21 21:13:25.237000,1.13230,1.13188,1880000,1000000
2016-08-21 21:13:25.288000,1.13234,1.13188,2260000,1000000
2016-08-21 21:13:25.441000,1.13234,1.13188,1510000,1000000
2016-08-21 21:13:25.846000,1.13234,1.13188,1010000,1000000
2016-08-21 21:13:33.627000,1.13233,1.13188,1010000,1000000
2016-08-21 21:13:33.678000,1.13233,1.13188,1580000,1000000
2016-08-21 21:13:36.498000,1.13230,1.13188,1010000,1000000
2016-08-21 21:13:37.568000,1.13229,1.13188,1010000,1000000
2016-08-21 21:13:42.772000,1.13230,1.13188,1010000,1000000
2016-08-21 21:13:43.768000,1.13233,1.13188,1110000,1000000
2016-08-21 21:13:43.870000,1.13229,1.13188,1010000,1000000
2016-08-21 21:13:44.626000,1.13227,1.13188,1010000,1000000
2016-08-21 21:13:45.173000,1.13227,1.13187,1010000,1000000
2016-08-21 21:13:48.979000,1.13220,1.13187,1000000,1000000
2016-08-21 21:13:54.156000,1.13221,1.13186,1570000,1500000
2016-08-21 21:14:05.142000,1.13220,1.13186,1000000,1500000
2016-08-21 21:14:05.650000,1.13219,1.13186,1000000,1500000
2016-08-21 21:14:17.902000,1.13220,1.13186,1500000,1500000
2016-08-21 21:14:17.953000,1.13220,1.13186,1000000,1500000
2016-08-21 21:14:18.005000,1.13224,1.13186,1370000,1500000
2016-08-21 21:14:18.181000,1.13224,1.13188,1370000,1500000
2016-08-21 21:14:18.233000,1.13224,1.13188,1370000,1870000
2016-08-21 21:14:18.284000,1.13224,1.13189,1370000,1000000
2016-08-21 21:14:18.437000,1.13224,1.13194,1370000,1000000
2016-08-21 21:14:18.489000,1.13226,1.13194,1370000,1000000
2016-08-21 21:14:18.540000,1.13226,1.13194,1370000,1120000
2016-08-21 21:14:18.642000,1.13226,1.13193,1370000,1500000
2016-08-21 21:14:18.693000,1.13227,1.13193,1880000,1500000
2016-08-21 21:14:18.746000,1.13227,1.13198,1380000,1000000
2016-08-21 21:14:18.796000,1.13228,1.13198,1880000,1500000
2016-08-21 21:14:18.847000,1.13224,1.13199,1370000,1000000
2016-08-21 21:14:18.949000,1.13228,1.13206,1380000,1000000
2016-08-21 21:14:19.152000,1.13227,1.13200,1380000,3190000
2016-08-21 21:14:19.203000,1.13222,1.13200,1370000,2250000
2016-08-21 21:14:19.254000,1.13222,1.13201,1370000,1000000
2016-08-21 21:14:19.305000,1.13222,1.13201,1370000,750000
2016-08-21 21:14:19.356000,1.13222,1.13189,1370000,1120000
2016-08-21 21:14:19.407000,1.13222,1.13189,1370000,1000000
2016-08-21 21:14:19.509000,1.13222,1.13187,1370000,1000000
2016-08-21 21:14:22.285000,1.13222,1.13188,1370000,1000000
2016-08-21 21:14:22.335000,1.13224,1.13189,1370000,1120000
2016-08-21 21:14:22.386000,1.13224,1.13189,1370000,2250000
2016-08-21 21:14:22.488000,1.13224,1.13193,1370000,1000000
2016-08-21 21:14:22.539000,1.13225,1.13195,2620000,1000000
2016-08-21 21:14:22.742000,1.13225,1.13197,2620000,1000000
2016-08-21 21:14:22.793000,1.13225,1.13198,1870000,1000000
2016-08-21 21:14:22.895000,1.13225,1.13199,2620000,1000000
2016-08-21 21:14:22.997000,1.13223,1.13199,1370000,1000000
2016-08-21 21:14:23.048000,1.13223,1.13205,1370000,1000000
2016-08-21 21:14:23.150000,1.13229,1.13205,2060000,1000000
2016-08-21 21:14:23.201000,1.13228,1.13205,1380000,1000000
2016-08-21 21:14:28.499000,1.13225,1.13205,1370000,1000000
2016-08-21 21:14:32.096000,1.13225,1.13204,1370000,1000000
2016-08-21 21:14:34.584000,1.13225,1.13204,1870000,1000000
2016-08-21 21:14:34.635000,1.13223,1.13204,1370000,1000000
2016-08-21 21:14:34.686000,1.13218,1.13197,1370000,1190000
2016-08-21 21:14:34.737000,1.13218,1.13191,1370000,1000000
2016-08-21 21:14:34.789000,1.13218,1.13189,1370000,1000000
2016-08-21 21:14:34.840000,1.13218,1.13187,1370000,1000000
2016-08-21 21:14:34.891000,1.13218,1.13186,1370000,2250000
2016-08-21 21:14:34.942000,1.13203,1.13186,940000,2250000
2016-08-21 21:14:34.993000,1.13199,1.13186,1000000,2250000
2016-08-21 21:14:35.044000,1.13198,1.13186,1000000,2250000
2016-08-21 21:14:35.584000,1.13197,1.13186,1000000,2250000
2016-08-21 21:14:43.675000,1.13199,1.13186,1100000,2250000
2016-08-21 21:14:43.726000,1.13199,1.13186,1000000,2250000
2016-08-21 21:15:04.595000,1.13200,1.13186,1370000,2250000
2016-08-21 21:15:04.646000,1.13204,1.13186,1000000,2250000
2016-08-21 21:15:04.697000,1.13208,1.13186,1470000,2250000
2016-08-21 21:15:04.782000,1.13210,1.13186,7120000,2250000
2016-08-21 21:15:05.245000,1.13210,1.13186,7870000,2250000
2016-08-21 21:15:05.347000,1.13209,1.13186,1120000,2250000
2016-08-21 21:15:10.521000,1.13210,1.13186,3370000,2250000
2016-08-21 21:15:14.513000,1.13210,1.13186,2620000,2250000
2016-08-21 21:15:15.114000,1.13210,1.13186,3370000,2250000
2016-08-21 21:15:19.113000,1.13210,1.13186,2620000,2250000
2016-08-21 21:15:19.807000,1.13210,1.13186,3370000,2250000
2016-08-21 21:15:20.270000,1.13210,1.13186,2620000,2250000
2016-08-21 21:15:21.721000,1.13210,1.13186,3370000,2250000
2016-08-21 21:15:25.300000,1.13210,1.13186,2620000,2250000
2016-08-21 21:15:25.627000,1.13210,1.13186,3370000,2250000
2016-08-21 21:15:26.233000,1.13208,1.13186,1100000,2250000
2016-08-21 21:15:26.369000,1.13208,1.13186,1000000,2250000
2016-08-21 21:15:26.470000,1.13210,1.13182,2620000,1130000
2016-08-21 21:15:26.522000,1.13210,1.13182,1370000,1010000
2016-08-21 21:15:26.573000,1.13209,1.13183,1120000,1000000
2016-08-21 21:15:26.626000,1.13208,1.13183,1570000,1010000
2016-08-21 21:15:26.677000,1.13208,1.13179,1570000,1380000
2016-08-21 21:15:26.728000,1.13207,1.13179,1000000,1380000
2016-08-21 21:15:26.779000,1.13207,1.13168,1120000,3010000
2016-08-21 21:15:26.880000,1.13207,1.13168,1500000,3010000
2016-08-21 21:15:27.236000,1.13207,1.13172,1000000,3380000
2016-08-21 21:15:27.338000,1.13208,1.13172,1370000,3380000
2016-08-21 21:15:27.389000,1.13208,1.13172,1000000,3380000
2016-08-21 21:15:27.439000,1.13209,1.13173,1000000,2630000
2016-08-21 21:15:27.744000,1.13209,1.13172,1000000,1380000
2016-08-21 21:15:28.644000,1.13212,1.13173,1120000,2630000
2016-08-21 21:15:28.746000,1.13214,1.13192,1750000,750000
2016-08-21 21:15:28.798000,1.13214,1.13192,1750000,750000
2016-08-21 21:15:28.851000,1.13228,1.13225,1000000,1500000
2016-08-21 21:15:28.902000,1.13228,1.13225,1000000,1500000
2016-08-21 21:15:28.953000,1.13234,1.13226,11440000,1500000
2016-08-21 21:15:29.005000,1.13234,1.13226,10690000,1500000
2016-08-21 21:15:29.056000,1.13232,1.13226,4310000,1500000
2016-08-21 21:15:29.107000,1.13230,1.13225,1000000,1500000
2016-08-21 21:15:29.158000,1.13221,1.13205,11810000,1000000
2016-08-21 21:15:29.209000,1.13220,1.13202,1370000,1000000
2016-08-21 21:15:29.261000,1.13212,1.13195,1000000,1000000
2016-08-21 21:15:29.363000,1.13210,1.13179,3190000,1130000
2016-08-21 21:15:29.414000,1.13210,1.13179,5440000,1130000
2016-08-21 21:15:29.465000,1.13207,1.13177,1500000,1130000
2016-08-21 21:15:29.517000,1.13207,1.13177,2250000,1130000
2016-08-21 21:15:29.568000,1.13206,1.13178,1000000,380000
2016-08-21 21:15:33.920000,1.13204,1.13178,1000000,380000
2016-08-21 21:15:39.368000,1.13205,1.13178,1000000,380000
2016-08-21 21:15:39.874000,1.13206,1.13178,1000000,380000
2016-08-21 21:15:40.229000,1.13202,1.13177,1000000,380000
2016-08-21 21:15:42.828000,1.13201,1.13178,1000000,380000
2016-08-21 21:15:47.766000,1.13203,1.13178,1000000,380000
2016-08-21 21:15:49.478000,1.13205,1.13178,2250000,380000
2016-08-21 21:15:49.529000,1.13205,1.13178,3000000,380000
2016-08-21 21:15:49.579000,1.13205,1.13178,2250000,380000
2016-08-21 21:15:50.280000,1.13205,1.13178,3000000,380000
2016-08-21 21:15:53.481000,1.13205,1.13178,2250000,380000
2016-08-21 21:15:53.836000,1.13205,1.13178,3000000,380000
2016-08-21 21:15:53.887000,1.13205,1.13178,2250000,380000
2016-08-21 21:15:57.492000,1.13205,1.13178,2250000,380000
2016-08-21 21:16:00.167000,1.13205,1.13178,1500000,380000
2016-08-21 21:16:01.497000,1.13205,1.13178,2250000,380000
2016-08-21 21:16:02.047000,1.13205,1.13178,1500000,380000
2016-08-21 21:16:04.650000,1.13205,1.13178,2250000,380000
2016-08-21 21:16:09.063000,1.13205,1.13169,2250000,1380000
2016-08-21 21:16:09.115000,1.13205,1.13169,1000000,1380000
2016-08-21 21:16:09.216000,1.13208,1.13173,1000000,1380000
2016-08-21 21:16:09.318000,1.13211,1.13173,1500000,1380000
2016-08-21 21:16:09.420000,1.13211,1.13173,1000000,1380000
2016-08-21 21:16:20.378000,1.13203,1.13172,1000000,1380000
2016-08-21 21:16:20.431000,1.13200,1.13170,1000000,1880000
2016-08-21 21:16:20.482000,1.13200,1.13170,1000000,1380000
2016-08-21 21:16:20.534000,1.13200,1.13170,1370000,1380000
2016-08-21 21:16:20.637000,1.13201,1.13178,1500000,380000
2016-08-21 21:16:20.740000,1.13203,1.13178,1120000,380000
2016-08-21 21:16:20.791000,1.13204,1.13178,1500000,380000
2016-08-21 21:16:22.812000,1.13205,1.13178,2250000,380000
2016-08-21 21:16:24.586000,1.13205,1.13178,1500000,380000
2016-08-21 21:16:26.509000,1.13205,1.13169,1500000,1380000
2016-08-21 21:16:26.640000,1.13205,1.13169,1000000,1380000
2016-08-21 21:16:31.984000,1.13205,1.13176,1000000,1380000
2016-08-21 21:16:32.041000,1.13205,1.13179,1000000,1120000
2016-08-21 21:16:32.092000,1.13205,1.13180,1000000,1000000
2016-08-21 21:16:32.144000,1.13210,1.13182,1570000,1000000
2016-08-21 21:16:32.218000,1.13210,1.13182,1200000,1130000
2016-08-21 21:16:32.269000,1.13210,1.13182,1100000,1500000
2016-08-21 21:16:33.200000,1.13210,1.13182,1000000,1500000
2016-08-21 21:16:33.252000,1.13214,1.13182,2250000,1500000
2016-08-21 21:16:42.854000,1.13213,1.13183,1000000,1000000
2016-08-21 21:17:02.908000,1.13214,1.13182,1500000,1500000
2016-08-21 21:17:03.530000,1.13215,1.13182,2250000,1500000
2016-08-21 21:17:03.581000,1.13215,1.13183,1500000,1000000
2016-08-21 21:17:03.683000,1.13216,1.13183,1100000,1000000
2016-08-21 21:17:32.154000,1.13215,1.13183,1250000,1000000
2016-08-21 21:17:32.410000,1.13215,1.13183,1690000,1000000
2016-08-21 21:18:47.841000,1.13215,1.13189,1690000,1000000
2016-08-21 21:18:47.892000,1.13215,1.13192,1690000,2250000
2016-08-21 21:18:47.943000,1.13215,1.13192,1310000,2250000
2016-08-21 21:18:48.462000,1.13215,1.13191,1310000,2250000
2016-08-21 21:18:49.481000,1.13208,1.13191,1500000,2250000
2016-08-21 21:18:49.604000,1.13200,1.13185,1100000,1750000
2016-08-21 21:18:49.663000,1.13200,1.13187,1100000,1000000
2016-08-21 21:18:49.714000,1.13200,1.13181,1100000,2250000
2016-08-21 21:18:49.866000,1.13200,1.13182,1100000,1000000
2016-08-21 21:18:49.917000,1.13210,1.13182,1750000,1000000
2016-08-21 21:18:50.020000,1.13213,1.13181,1120000,3750000
2016-08-21 21:18:50.077000,1.13214,1.13181,1500000,3750000
2016-08-21 21:18:50.128000,1.13214,1.13183,1000000,1000000
2016-08-21 21:19:16.696000,1.13215,1.13183,2440000,1000000
2016-08-21 21:19:18.044000,1.13215,1.13183,1690000,1000000
2016-08-21 21:19:42.864000,1.13215,1.13181,1310000,4500000
2016-08-21 21:19:50.038000,1.13215,1.13181,1310000,3750000
2016-08-21 21:20:02.941000,1.13215,1.13183,1690000,1000000
2016-08-21 21:20:22.821000,1.13215,1.13181,1310000,1750000
2016-08-21 21:20:42.843000,1.13215,1.13183,1690000,1000000
2016-08-21 21:21:54.971000,1.13215,1.13183,1010000,1000000
2016-08-21 21:22:09.928000,1.13215,1.13183,1690000,1000000
2016-08-21 21:22:52.065000,1.13197,1.13183,1000000,1000000
2016-08-21 21:22:52.116000,1.13197,1.13181,1000000,1370000
2016-08-21 21:22:52.167000,1.13197,1.13180,1000000,2250000
2016-08-21 21:22:52.219000,1.13197,1.13180,1000000,1500000
2016-08-21 21:22:52.270000,1.13196,1.13181,1100000,1500000
2016-08-21 21:22:52.654000,1.13196,1.13181,1100000,3000000
2016-08-21 21:22:56.544000,1.13196,1.13181,1100000,1500000
2016-08-21 21:23:11.288000,1.13189,1.13181,1370000,1500000
2016-08-21 21:23:11.552000,1.13189,1.13181,1000000,1500000
2016-08-21 21:23:11.889000,1.13190,1.13180,1500000,1500000
2016-08-21 21:23:11.941000,1.13192,1.13180,1370000,1500000
2016-08-21 21:23:12.093000,1.13192,1.13181,1000000,1500000
2016-08-21 21:23:12.144000,1.13195,1.13181,1000000,1500000
2016-08-21 21:23:12.246000,1.13196,1.13181,1100000,1500000
2016-08-21 21:23:18.986000,1.13196,1.13181,1000000,1500000
2016-08-21 21:23:19.746000,1.13197,1.13181,1000000,1500000
2016-08-21 21:23:43.833000,1.13196,1.13181,1000000,1500000
2016-08-21 21:23:43.884000,1.13196,1.13181,1370000,1500000
2016-08-21 21:23:43.935000,1.13195,1.13180,1120000,1500000
2016-08-21 21:23:56.277000,1.13195,1.13180,1870000,1500000
2016-08-21 21:24:02.789000,1.13195,1.13180,2620000,1500000
2016-08-21 21:24:02.845000,1.13194,1.13181,1570000,1500000
2016-08-21 21:24:02.905000,1.13194,1.13181,2320000,1500000
2016-08-21 21:24:02.956000,1.13193,1.13181,3000000,1500000
2016-08-21 21:24:03.057000,1.13193,1.13181,3750000,1500000
2016-08-21 21:24:09.552000,1.13193,1.13180,1000000,1500000
2016-08-21 21:24:12.977000,1.13194,1.13180,4570000,1500000
2016-08-21 21:24:14.868000,1.13193,1.13180,1000000,1500000
2016-08-21 21:24:22.076000,1.13194,1.13180,4570000,1500000
2016-08-21 21:24:22.848000,1.13193,1.13180,1000000,1500000
2016-08-21 21:24:32.187000,1.13194,1.13180,4570000,1500000
2016-08-21 21:24:32.781000,1.13192,1.13180,1000000,1500000
2016-08-21 21:24:32.833000,1.13192,1.13180,1370000,1500000
2016-08-21 21:24:32.884000,1.13188,1.13181,1100000,1500000
2016-08-21 21:24:45.620000,1.13188,1.13181,1570000,1500000
2016-08-21 21:24:47.768000,1.13188,1.13181,5620000,1500000
2016-08-21 21:24:47.819000,1.13170,1.13166,1250000,1000000
2016-08-21 21:24:47.871000,1.13163,1.13161,1000000,1370000
2016-08-21 21:24:47.922000,1.13159,1.13153,1500000,3760000
2016-08-21 21:24:47.974000,1.13145,1.13135,1000000,1760000
2016-08-21 21:24:48.025000,1.13145,1.13137,1100000,750000
2016-08-21 21:24:48.076000,1.13144,1.13137,1000000,370000
2016-08-21 21:24:48.127000,1.13144,1.13130,1000000,750000
2016-08-21 21:24:48.178000,1.13145,1.13116,2320000,1750000
2016-08-21 21:24:48.229000,1.13145,1.13123,2320000,1000000
2016-08-21 21:24:48.280000,1.13145,1.13110,3070000,3000000
2016-08-21 21:24:48.331000,1.13145,1.13110,3070000,1750000
2016-08-21 21:24:48.382000,1.13145,1.13111,3070000,1000000
2016-08-21 21:24:48.484000,1.13145,1.13109,2320000,2250000
2016-08-21 21:24:48.535000,1.13145,1.13109,2310000,2250000
2016-08-21 21:24:48.668000,1.13145,1.13109,3060000,2250000
2016-08-21 21:24:48.719000,1.13145,1.13109,2310000,1500000
2016-08-21 21:24:48.773000,1.13145,1.13109,1560000,2250000
2016-08-21 21:24:49.405000,1.13145,1.13109,1570000,2250000
2016-08-21 21:24:55.987000,1.13145,1.13109,1100000,2250000
2016-08-21 21:25:00.298000,1.13145,1.13109,1100000,1500000
2016-08-21 21:25:00.841000,1.13145,1.13109,1100000,2250000
2016-08-21 21:25:04.303000,1.13145,1.13109,1100000,1500000
2016-08-21 21:25:04.726000,1.13145,1.13109,1100000,2250000
2016-08-21 21:25:05.133000,1.13145,1.13109,1100000,1500000
2016-08-21 21:25:05.806000,1.13145,1.13109,1100000,2250000
2016-08-21 21:25:09.829000,1.13145,1.13109,1100000,1500000
2016-08-21 21:25:13.814000,1.13145,1.13109,1100000,2250000
2016-08-21 21:25:16.118000,1.13145,1.13109,1100000,1500000
2016-08-21 21:25:16.169000,1.13145,1.13116,1570000,3190000
2016-08-21 21:25:16.220000,1.13149,1.13121,1370000,1690000
2016-08-21 21:25:16.271000,1.13149,1.13127,1120000,1000000
2016-08-21 21:25:16.323000,1.13151,1.13127,1370000,1000000
2016-08-21 21:25:33.352000,1.13154,1.13142,1370000,750000
2016-08-21 21:25:33.403000,1.13154,1.13145,1370000,750000
2016-08-21 21:25:33.454000,1.13155,1.13152,5250000,1500000
2016-08-21 21:25:33.505000,1.13157,1.13153,4500000,1500000
2016-08-21 21:25:33.657000,1.13159,1.13153,4500000,1500000
2016-08-21 21:25:37.056000,1.13165,1.13153,1370000,1500000
2016-08-21 21:25:40.026000,1.13165,1.13153,4500000,1500000
2016-08-21 21:25:40.077000,1.13165,1.13153,4570000,1500000
2016-08-21 21:25:40.179000,1.13157,1.13153,4500000,1000000
2016-08-21 21:25:45.956000,1.13157,1.13153,1120000,1000000
2016-08-21 21:25:46.058000,1.13163,1.13153,1370000,1500000
2016-08-21 21:25:46.110000,1.13163,1.13153,4500000,1500000
2016-08-21 21:25:46.271000,1.13157,1.13153,4500000,1000000
2016-08-21 21:26:03.611000,1.13157,1.13153,4500000,1500000
2016-08-21 21:26:05.191000,1.13156,1.13153,4500000,1500000
2016-08-21 21:26:07.093000,1.13157,1.13153,4500000,1500000
2016-08-21 21:26:08.767000,1.13156,1.13153,4500000,1500000
2016-08-21 21:26:09.431000,1.13157,1.13153,4500000,1500000
2016-08-21 21:26:11.594000,1.13160,1.13153,4500000,1500000
2016-08-21 21:26:11.696000,1.13157,1.13153,4500000,1500000
2016-08-21 21:26:12.205000,1.13156,1.13153,4500000,1500000
2016-08-21 21:26:12.806000,1.13157,1.13153,4500000,1500000
2016-08-21 21:26:18.157000,1.13158,1.13153,4500000,1500000
2016-08-21 21:26:18.209000,1.13164,1.13153,1100000,1500000
2016-08-21 21:26:21.258000,1.13155,1.13153,1500000,1500000
2016-08-21 21:26:21.309000,1.13154,1.13150,2250000,1000000
2016-08-21 21:26:21.361000,1.13154,1.13140,3450000,1000000
2016-08-21 21:26:21.413000,1.13147,1.13138,1120000,1000000
2016-08-21 21:26:21.464000,1.13147,1.13136,1120000,1000000
2016-08-21 21:26:21.521000,1.13147,1.13138,1120000,1000000
2016-08-21 21:26:21.574000,1.13147,1.13138,1120000,1500000
2016-08-21 21:26:21.728000,1.13147,1.13136,1120000,1000000
2016-08-21 21:26:21.779000,1.13145,1.13135,1750000,1000000
2016-08-21 21:26:21.830000,1.13143,1.13135,2250000,1000000
2016-08-21 21:26:21.881000,1.13143,1.13125,2250000,2290000
2016-08-21 21:26:21.932000,1.13142,1.13125,1370000,1410000
2016-08-21 21:26:21.983000,1.13142,1.13121,1370000,1200000
2016-08-21 21:26:22.583000,1.13142,1.13121,1100000,1200000
2016-08-21 21:26:22.634000,1.13143,1.13121,1870000,1200000
2016-08-21 21:26:22.736000,1.13141,1.13121,1370000,1200000
2016-08-21 21:26:22.787000,1.13141,1.13121,1500000,1200000
2016-08-21 21:26:22.838000,1.13141,1.13121,1870000,1200000
2016-08-21 21:26:23.670000,1.13141,1.13121,1370000,1200000
2016-08-21 21:26:23.721000,1.13141,1.13121,1870000,1200000
2016-08-21 21:26:23.823000,1.13140,1.13121,1370000,1200000
2016-08-21 21:26:24.375000,1.13140,1.13120,1370000,1200000
2016-08-21 21:26:29.256000,1.13140,1.13121,1370000,1180000
2016-08-21 21:26:30.036000,1.13139,1.13121,1370000,1180000
2016-08-21 21:26:30.242000,1.13139,1.13121,1870000,1180000
2016-08-21 21:26:42.947000,1.13139,1.13121,1370000,1180000
2016-08-21 21:26:46.164000,1.13140,1.13121,2620000,1180000
2016-08-21 21:26:46.690000,1.13140,1.13120,2620000,1180000
2016-08-21 21:26:48.875000,1.13140,1.13118,2620000,1400000
2016-08-21 21:26:49.008000,1.13140,1.13118,2620000,1410000
2016-08-21 21:26:49.461000,1.13140,1.13118,2250000,1410000
2016-08-21 21:27:04.808000,1.13140,1.13118,1500000,1410000
2016-08-21 21:27:04.912000,1.13140,1.13118,2250000,1410000
2016-08-21 21:27:05.178000,1.13140,1.13118,1500000,1410000
2016-08-21 21:27:05.280000,1.13140,1.13118,2250000,1410000
2016-08-21 21:27:05.857000,1.13140,1.13118,1500000,1410000
2016-08-21 21:27:06.630000,1.13140,1.13118,2250000,1410000
2016-08-21 21:27:06.773000,1.13140,1.13118,1500000,1410000
2016-08-21 21:27:08.068000,1.13140,1.13118,1000000,1410000
2016-08-21 21:27:12.199000,1.13141,1.13118,1500000,1410000
2016-08-21 21:27:13.226000,1.13141,1.13127,1500000,1420000
2016-08-21 21:27:13.278000,1.13141,1.13127,1000000,1420000
2016-08-21 21:27:13.329000,1.13141,1.13128,1000000,1120000
2016-08-21 21:27:13.381000,1.13143,1.13130,1000000,1510000
2016-08-21 21:27:13.432000,1.13146,1.13130,1100000,2260000
2016-08-21 21:27:13.483000,1.13149,1.13130,1370000,1510000
2016-08-21 21:27:13.896000,1.13149,1.13130,1370000,2260000
2016-08-21 21:27:17.920000,1.13149,1.13130,1370000,1510000
2016-08-21 21:27:18.277000,1.13149,1.13142,1370000,1190000
2016-08-21 21:27:18.380000,1.13152,1.13143,2250000,1250000
2016-08-21 21:27:18.431000,1.13152,1.13143,1870000,1250000
2016-08-21 21:27:18.482000,1.13150,1.13142,1000000,1190000
2016-08-21 21:27:18.533000,1.13150,1.13142,1000000,1000000
2016-08-21 21:27:18.584000,1.13150,1.13142,1370000,1000000
2016-08-21 21:27:18.639000,1.13150,1.13138,1560000,1510000
2016-08-21 21:27:18.690000,1.13150,1.13134,3190000,1010000
2016-08-21 21:27:18.741000,1.13150,1.13129,3190000,1870000
2016-08-21 21:27:18.792000,1.13150,1.13129,4310000,1370000
2016-08-21 21:27:18.843000,1.13150,1.13127,4310000,1420000
2016-08-21 21:27:18.894000,1.13149,1.13127,1620000,1420000
2016-08-21 21:27:22.806000,1.13149,1.13127,1620000,1370000
2016-08-21 21:27:25.418000,1.13149,1.13126,1620000,1370000
2016-08-21 21:27:28.941000,1.13149,1.13134,1620000,1010000
2016-08-21 21:27:28.992000,1.13149,1.13134,1370000,1010000
2016-08-21 21:27:29.093000,1.13150,1.13134,1750000,1010000
2016-08-21 21:27:29.144000,1.13150,1.13134,1000000,1010000
2016-08-21 21:27:29.195000,1.13152,1.13134,3370000,1010000
2016-08-21 21:27:35.542000,1.13152,1.13134,3370000,1410000
2016-08-21 21:27:39.708000,1.13152,1.13134,3070000,1410000
2016-08-21 21:27:40.063000,1.13152,1.13134,3260000,1410000
2016-08-21 21:27:42.561000,1.13152,1.13134,3190000,1410000
2016-08-21 21:27:52.372000,1.13152,1.13134,3000000,1410000
2016-08-21 21:27:54.778000,1.13152,1.13134,3370000,1410000
2016-08-21 21:27:55.889000,1.13152,1.13141,2620000,1040000
2016-08-21 21:27:55.940000,1.13152,1.13141,2620000,1220000
2016-08-21 21:27:55.991000,1.13152,1.13141,2250000,1720000
2016-08-21 21:27:56.347000,1.13152,1.13141,1500000,1220000
2016-08-21 21:27:56.477000,1.13151,1.13141,1000000,1220000
2016-08-21 21:28:03.349000,1.13152,1.13141,2250000,1220000
2016-08-21 21:28:03.895000,1.13152,1.13142,2250000,1220000
2016-08-21 21:28:06.551000,1.13152,1.13142,1500000,1220000
2016-08-21 21:28:06.791000,1.13152,1.13144,1500000,1000000
2016-08-21 21:28:20.083000,1.13152,1.13146,1500000,1000000
2016-08-21 21:28:24.293000,1.13152,1.13142,1500000,1040000
2016-08-21 21:28:24.395000,1.13152,1.13140,1500000,1040000
2016-08-21 21:28:24.447000,1.13152,1.13138,1870000,2660000
2016-08-21 21:28:24.549000,1.13152,1.13137,1870000,1410000
2016-08-21 21:28:54.595000,1.13152,1.13137,1870000,1400000
2016-08-21 21:29:05.592000,1.13152,1.13137,1500000,1400000
2016-08-21 21:29:15.519000,1.13152,1.13137,1500000,1390000
2016-08-21 21:29:46.641000,1.13152,1.13137,2250000,1390000
2016-08-21 21:29:47.094000,1.13151,1.13137,1120000,1390000
2016-08-21 21:30:30.848000,1.13151,1.13137,1370000,1390000
2016-08-21 21:30:30.940000,1.13151,1.13137,1120000,1390000
2016-08-21 21:30:33.395000,1.13150,1.13137,1120000,1390000
2016-08-21 21:30:33.447000,1.13142,1.13137,1000000,1000000
2016-08-21 21:30:33.499000,1.13139,1.13134,1000000,1000000
2016-08-21 21:30:33.550000,1.13135,1.13126,1690000,1120000
2016-08-21 21:30:33.601000,1.13135,1.13126,2440000,1000000
2016-08-21 21:30:33.652000,1.13135,1.13115,4310000,1500000
2016-08-21 21:30:33.703000,1.13132,1.13115,2000000,1100000
2016-08-21 21:30:33.754000,1.13132,1.13115,3560000,1100000
2016-08-21 21:30:33.805000,1.13132,1.13115,3560000,1000000
2016-08-21 21:30:33.856000,1.13132,1.13110,3940000,1120000
2016-08-21 21:30:33.958000,1.13132,1.13110,3560000,1370000
2016-08-21 21:30:34.059000,1.13132,1.13113,3560000,1100000
2016-08-21 21:30:34.110000,1.13132,1.13117,3000000,1000000
2016-08-21 21:30:37.472000,1.13132,1.13117,2620000,1120000
2016-08-21 21:30:37.574000,1.13132,1.13117,3000000,1000000
2016-08-21 21:30:37.815000,1.13132,1.13117,2620000,1000000
2016-08-21 21:30:37.917000,1.13132,1.13117,3000000,1000000
2016-08-21 21:30:38.019000,1.13132,1.13114,2250000,1870000
2016-08-21 21:30:38.071000,1.13132,1.13114,2250000,2620000
2016-08-21 21:30:38.123000,1.13132,1.13114,1870000,2620000
2016-08-21 21:30:38.175000,1.13132,1.13114,1870000,3370000
2016-08-21 21:30:38.226000,1.13136,1.13114,1120000,3370000
2016-08-21 21:30:38.276000,1.13139,1.13114,2620000,3370000
2016-08-21 21:30:38.454000,1.13139,1.13116,1870000,1000000
2016-08-21 21:30:38.555000,1.13139,1.13116,1870000,2250000
2016-08-21 21:30:41.681000,1.13139,1.13116,1870000,3450000
2016-08-21 21:30:41.946000,1.13139,1.13116,1870000,2250000
2016-08-21 21:30:42.308000,1.13139,1.13116,1750000,2250000
2016-08-21 21:30:42.359000,1.13141,1.13116,1750000,2250000
2016-08-21 21:30:42.599000,1.13141,1.13118,1750000,1120000
2016-08-21 21:30:49.864000,1.13141,1.13118,1000000,1120000
2016-08-21 21:30:54.935000,1.13141,1.13118,1750000,1120000
2016-08-21 21:30:55.551000,1.13141,1.13117,1750000,1120000
2016-08-21 21:30:57.419000,1.13142,1.13117,2250000,1870000
2016-08-21 21:31:02.896000,1.13142,1.13117,2620000,1870000
2016-08-21 21:31:10.567000,1.13142,1.13117,1870000,1870000
2016-08-21 21:31:10.618000,1.13142,1.13118,1870000,1120000
2016-08-21 21:31:10.669000,1.13142,1.13117,1870000,1750000
2016-08-21 21:31:10.872000,1.13142,1.13117,1870000,2250000
2016-08-21 21:31:13.539000,1.13142,1.13118,1870000,1120000
2016-08-21 21:31:17.010000,1.13142,1.13118,4870000,1120000
2016-08-21 21:31:37.598000,1.13142,1.13118,1870000,1120000
2016-08-21 21:31:42.354000,1.13142,1.13118,1750000,1120000
2016-08-21 21:31:42.921000,1.13142,1.13118,1120000,1120000
2016-08-21 21:31:57.888000,1.13143,1.13118,1500000,1120000
2016-08-21 21:31:57.939000,1.13144,1.13119,1870000,1750000
2016-08-21 21:31:57.990000,1.13144,1.13119,1500000,1750000
2016-08-21 21:31:58.042000,1.13145,1.13121,1870000,1380000
2016-08-21 21:31:58.093000,1.13146,1.13121,2620000,1380000
2016-08-21 21:31:58.200000,1.13145,1.13121,1500000,1380000
2016-08-21 21:31:58.251000,1.13145,1.13120,1870000,3000000
2016-08-21 21:31:58.303000,1.13144,1.13120,1370000,2250000
2016-08-21 21:31:58.356000,1.13144,1.13119,1500000,1750000
2016-08-21 21:31:58.509000,1.13144,1.13119,1750000,1500000
2016-08-21 21:31:58.560000,1.13143,1.13118,1750000,1870000
2016-08-21 21:31:58.612000,1.13143,1.13118,2250000,1870000
2016-08-21 21:31:58.664000,1.13142,1.13118,1750000,1120000
2016-08-21 21:31:58.715000,1.13142,1.13118,1870000,1120000
2016-08-21 21:31:59.954000,1.13142,1.13118,1500000,1120000
2016-08-21 21:32:00.056000,1.13142,1.13118,1370000,1120000
2016-08-21 21:32:02.064000,1.13142,1.13118,1750000,1120000
2016-08-21 21:32:02.166000,1.13142,1.13118,1870000,1120000
2016-08-21 21:32:02.844000,1.13142,1.13118,1750000,1120000
2016-08-21 21:32:02.945000,1.13142,1.13118,1120000,1120000
2016-08-21 21:32:05.770000,1.13143,1.13118,1750000,1120000
2016-08-21 21:32:09.484000,1.13143,1.13118,1750000,1870000
2016-08-21 21:32:09.536000,1.13143,1.13138,1000000,100000
2016-08-21 21:32:09.587000,1.13144,1.13138,1370000,100000
2016-08-21 21:32:09.646000,1.13144,1.13138,1000000,100000
2016-08-21 21:32:12.249000,1.13145,1.13138,5250000,100000
2016-08-21 21:32:13.808000,1.13145,1.13136,2250000,100000
2016-08-21 21:32:17.148000,1.13145,1.13138,5250000,100000
2016-08-21 21:32:20.337000,1.13145,1.13137,2250000,130000
2016-08-21 21:32:20.388000,1.13145,1.13138,1000000,100000
2016-08-21 21:32:20.439000,1.13145,1.13120,1000000,1970000
2016-08-21 21:32:22.438000,1.13145,1.13120,1000000,1470000
2016-08-21 21:32:22.812000,1.13146,1.13120,2250000,1470000
2016-08-21 21:32:22.863000,1.13146,1.13120,1500000,1470000
2016-08-21 21:32:23.331000,1.13146,1.13136,1500000,130000
2016-08-21 21:32:23.523000,1.13146,1.13135,2250000,130000
2016-08-21 21:32:23.575000,1.13146,1.13119,1870000,2250000
2016-08-21 21:32:23.626000,1.13146,1.13119,1870000,1500000
2016-08-21 21:32:23.728000,1.13146,1.13119,1870000,2250000
2016-08-21 21:32:24.723000,1.13146,1.13119,1870000,1500000
2016-08-21 21:32:25.684000,1.13146,1.13119,1870000,1750000
2016-08-21 21:32:25.735000,1.13146,1.13119,1870000,2250000
2016-08-21 21:32:26.296000,1.13146,1.13119,1870000,1750000
2016-08-21 21:32:26.397000,1.13146,1.13119,1870000,2250000
2016-08-21 21:32:26.830000,1.13146,1.13119,1870000,1750000
2016-08-21 21:32:33.806000,1.13146,1.13120,1120000,1500000
2016-08-21 21:32:33.959000,1.13146,1.13120,1750000,3000000
2016-08-21 21:32:34.163000,1.13146,1.13120,1750000,2620000
2016-08-21 21:32:34.924000,1.13146,1.13120,1750000,1370000
2016-08-21 21:32:42.980000,1.13146,1.13120,1750000,1750000
2016-08-21 21:32:43.133000,1.13146,1.13120,1120000,3000000
2016-08-21 21:32:43.184000,1.13148,1.13120,3190000,5250000
2016-08-21 21:32:44.656000,1.13148,1.13120,3190000,4500000
2016-08-21 21:32:44.758000,1.13148,1.13120,3190000,5250000
2016-08-21 21:32:45.129000,1.13148,1.13120,3190000,4500000
2016-08-21 21:32:45.180000,1.13148,1.13120,3190000,3750000
2016-08-21 21:32:45.980000,1.13148,1.13120,3190000,4500000
2016-08-21 21:32:46.082000,1.13148,1.13120,3190000,3750000
2016-08-21 21:32:46.249000,1.13148,1.13120,3190000,5250000
2016-08-21 21:32:46.300000,1.13148,1.13120,3190000,4500000
2016-08-21 21:32:46.381000,1.13148,1.13120,3190000,5250000
2016-08-21 21:32:46.483000,1.13148,1.13120,3190000,4500000
2016-08-21 21:32:46.982000,1.13148,1.13120,3190000,5250000
2016-08-21 21:32:47.084000,1.13148,1.13120,3940000,5250000
2016-08-21 21:32:47.134000,1.13148,1.13120,3190000,4500000
2016-08-21 21:32:47.836000,1.13148,1.13120,3940000,5250000
2016-08-21 21:32:48.337000,1.13148,1.13120,3190000,4500000
2016-08-21 21:32:48.439000,1.13147,1.13120,1310000,3750000
2016-08-21 21:32:48.490000,1.13145,1.13119,1750000,2250000
2016-08-21 21:32:48.541000,1.13145,1.13119,1870000,1500000
2016-08-21 21:32:48.592000,1.13145,1.13117,2250000,1750000
2016-08-21 21:32:48.694000,1.13145,1.13117,1870000,1750000
2016-08-21 21:32:50.645000,1.13145,1.13117,1750000,1750000
2016-08-21 21:32:50.899000,1.13146,1.13120,1750000,1370000
2016-08-21 21:32:50.950000,1.13146,1.13120,1750000,3000000
2016-08-21 21:32:51.001000,1.13146,1.13120,1750000,4870000
2016-08-21 21:32:52.014000,1.13146,1.13120,1750000,5250000
2016-08-21 21:32:52.065000,1.13146,1.13121,1750000,1370000
2016-08-21 21:32:52.166000,1.13146,1.13122,1750000,1750000
2016-08-21 21:32:52.250000,1.13146,1.13122,1500000,1750000
2016-08-21 21:32:52.304000,1.13146,1.13122,1750000,1370000
2016-08-21 21:32:52.457000,1.13147,1.13120,1750000,2620000
2016-08-21 21:32:52.508000,1.13147,1.13120,2250000,1870000
2016-08-21 21:32:52.558000,1.13146,1.13120,1750000,1870000
2016-08-21 21:32:56.737000,1.13146,1.13120,1750000,2250000
2016-08-21 21:32:56.788000,1.13146,1.13120,1750000,3750000
2016-08-21 21:32:56.839000,1.13146,1.13120,1750000,3370000
2016-08-21 21:32:56.992000,1.13147,1.13120,1750000,2620000
2016-08-21 21:32:57.095000,1.13146,1.13120,1750000,3370000
2016-08-21 21:32:57.146000,1.13146,1.13120,1750000,4120000
2016-08-21 21:32:57.247000,1.13146,1.13120,1750000,4870000
2016-08-21 21:32:57.807000,1.13147,1.13120,1750000,5250000
2016-08-21 21:32:57.859000,1.13146,1.13121,1750000,1370000
2016-08-21 21:32:58.507000,1.13147,1.13120,1750000,5250000
2016-08-21 21:32:58.967000,1.13146,1.13121,1750000,1370000
2016-08-21 21:33:00.103000,1.13147,1.13120,1750000,4500000
2016-08-21 21:33:00.306000,1.13146,1.13120,1750000,3750000
2016-08-21 21:33:02.431000,1.13146,1.13120,1750000,3000000
2016-08-21 21:33:02.856000,1.13146,1.13120,1750000,2620000
2016-08-21 21:33:02.907000,1.13146,1.13120,1750000,2250000
2016-08-21 21:33:03.134000,1.13146,1.13120,1750000,3000000
2016-08-21 21:33:03.901000,1.13146,1.13120,1750000,2250000
2016-08-21 21:33:04.003000,1.13146,1.13120,1750000,1870000
2016-08-21 21:33:04.623000,1.13145,1.13119,1750000,1870000
2016-08-21 21:33:04.725000,1.13145,1.13119,1750000,1370000
2016-08-21 21:33:13.686000,1.13145,1.13119,1370000,1370000
2016-08-21 21:33:14.042000,1.13146,1.13119,1870000,1870000
2016-08-21 21:33:14.387000,1.13146,1.13119,1370000,2620000
2016-08-21 21:33:15.439000,1.13146,1.13120,1370000,1870000
2016-08-21 21:33:15.490000,1.13146,1.13120,1370000,3370000
2016-08-21 21:33:16.440000,1.13146,1.13120,1370000,2620000
2016-08-21 21:33:16.491000,1.13146,1.13120,1370000,1870000
2016-08-21 21:33:17.142000,1.13146,1.13120,1370000,2620000
2016-08-21 21:33:17.193000,1.13146,1.13120,1370000,3370000
2016-08-21 21:33:17.345000,1.13146,1.13121,1370000,1370000
2016-08-21 21:33:17.396000,1.13149,1.13121,4310000,1870000
2016-08-21 21:33:17.447000,1.13149,1.13121,2060000,1870000
2016-08-21 21:33:17.549000,1.13149,1.13121,1500000,2250000
2016-08-21 21:33:17.626000,1.13149,1.13122,1370000,1100000
2016-08-21 21:33:17.830000,1.13149,1.13122,1370000,1570000
2016-08-21 21:33:19.269000,1.13149,1.13122,1370000,1870000
2016-08-21 21:33:22.451000,1.13149,1.13122,1370000,2620000
2016-08-21 21:33:22.603000,1.13150,1.13122,3370000,1870000
2016-08-21 21:33:22.705000,1.13149,1.13122,1370000,2620000
2016-08-21 21:33:22.807000,1.13149,1.13122,1370000,3370000
2016-08-21 21:33:22.858000,1.13149,1.13123,1370000,1370000
2016-08-21 21:33:33.481000,1.13149,1.13123,1370000,1870000
2016-08-21 21:33:33.532000,1.13150,1.13123,1870000,2620000
2016-08-21 21:33:34.081000,1.13151,1.13123,1870000,2620000
2016-08-21 21:33:38.077000,1.13151,1.13123,1870000,1870000
2016-08-21 21:33:38.438000,1.13151,1.13123,1870000,2620000
2016-08-21 21:33:38.974000,1.13151,1.13123,1870000,1870000
2016-08-21 21:33:42.518000,1.13151,1.13123,1870000,2620000
2016-08-21 21:33:43.351000,1.13151,1.13123,1500000,1870000
2016-08-21 21:33:43.403000,1.13150,1.13126,1000000,1370000
2016-08-21 21:33:43.506000,1.13151,1.13129,1000000,1370000
2016-08-21 21:33:43.614000,1.13151,1.13132,1000000,1120000
2016-08-21 21:33:44.677000,1.13151,1.13132,1000000,1370000
2016-08-21 21:33:53.887000,1.13152,1.13132,2250000,1370000
2016-08-21 21:33:55.012000,1.13152,1.13130,1000000,2620000
2016-08-21 21:33:55.063000,1.13152,1.13130,1000000,1370000
2016-08-21 21:33:55.266000,1.13152,1.13130,1000000,1870000
2016-08-21 21:33:56.388000,1.13152,1.13130,1000000,1370000
2016-08-21 21:33:57.519000,1.13152,1.13130,1000000,1870000
2016-08-21 21:33:57.892000,1.13152,1.13130,1000000,1370000
2016-08-21 21:33:57.995000,1.13152,1.13129,1000000,1870000
2016-08-21 21:34:02.810000,1.13152,1.13129,1000000,2250000
2016-08-21 21:34:02.912000,1.13152,1.13129,1000000,2620000
2016-08-21 21:34:05.741000,1.13152,1.13130,1000000,1370000
2016-08-21 21:34:05.843000,1.13152,1.13130,1000000,1870000
2016-08-21 21:34:05.944000,1.13152,1.13131,2250000,1370000
2016-08-21 21:34:07.571000,1.13151,1.13136,1000000,1000000
2016-08-21 21:34:07.623000,1.13151,1.13136,3190000,1000000
2016-08-21 21:34:07.674000,1.13150,1.13136,1190000,1100000
2016-08-21 21:34:07.726000,1.13150,1.13136,1690000,1100000
2016-08-21 21:34:09.141000,1.13150,1.13136,1190000,1100000
2016-08-21 21:34:09.668000,1.13150,1.13136,1690000,1100000
2016-08-21 21:34:10.545000,1.13149,1.13136,1250000,1100000
2016-08-21 21:34:10.748000,1.13149,1.13136,1250000,1000000
2016-08-21 21:34:18.368000,1.13149,1.13141,1250000,2250000
2016-08-21 21:34:18.424000,1.13150,1.13142,1000000,1000000
2016-08-21 21:34:18.475000,1.13152,1.13142,5440000,1000000
2016-08-21 21:34:18.577000,1.13152,1.13141,5440000,3000000
2016-08-21 21:34:18.628000,1.13149,1.13141,1000000,3000000
2016-08-21 21:34:18.679000,1.13149,1.13138,1000000,1500000
2016-08-21 21:34:18.730000,1.13149,1.13135,1000000,1000000
2016-08-21 21:34:21.569000,1.13149,1.13141,1000000,2250000
2016-08-21 21:34:21.620000,1.13149,1.13143,1000000,1000000
2016-08-21 21:34:21.671000,1.13152,1.13143,4690000,1000000
2016-08-21 21:34:21.722000,1.13152,1.13141,4690000,3000000
2016-08-21 21:34:21.773000,1.13149,1.13138,1000000,1690000
2016-08-21 21:34:21.824000,1.13149,1.13138,1250000,1500000
2016-08-21 21:34:21.925000,1.13149,1.13135,1250000,1000000
2016-08-21 21:34:32.708000,1.13149,1.13136,1000000,1000000
2016-08-21 21:34:50.182000,1.13152,1.13136,5060000,1000000
2016-08-21 21:34:50.859000,1.13152,1.13136,5810000,1000000
2016-08-21 21:34:51.895000,1.13150,1.13136,1100000,1000000
2016-08-21 21:34:53.829000,1.13150,1.13136,1570000,1000000
2016-08-21 21:34:59.294000,1.13150,1.13136,1500000,1000000
2016-08-21 21:35:04.288000,1.13150,1.13136,1000000,1000000
2016-08-21 21:35:05.052000,1.13150,1.13136,1500000,1000000
2016-08-21 21:35:06.309000,1.13150,1.13136,1570000,1000000
2016-08-21 21:35:06.360000,1.13150,1.13136,1100000,1000000
2016-08-21 21:35:06.411000,1.13151,1.13130,3940000,1190000
2016-08-21 21:35:06.462000,1.13151,1.13128,3940000,2250000
2016-08-21 21:35:06.513000,1.13151,1.13127,2000000,1000000
2016-08-21 21:35:09.521000,1.13152,1.13127,1940000,1000000
2016-08-21 21:35:11.702000,1.13152,1.13132,4310000,3370000
2016-08-21 21:35:11.753000,1.13152,1.13135,4310000,1000000
2016-08-21 21:35:11.804000,1.13149,1.13135,1000000,1000000
2016-08-21 21:35:11.906000,1.13151,1.13135,1940000,1000000
2016-08-21 21:35:11.957000,1.13151,1.13128,1750000,1100000
2016-08-21 21:35:12.007000,1.13151,1.13125,1750000,1870000
2016-08-21 21:35:12.109000,1.13151,1.13124,1750000,1370000
2016-08-21 21:35:12.364000,1.13151,1.13124,1750000,1870000
2016-08-21 21:35:12.465000,1.13151,1.13124,1750000,1370000
2016-08-21 21:35:12.585000,1.13151,1.13124,4500000,1120000
2016-08-21 21:35:12.687000,1.13151,1.13124,2250000,1370000
2016-08-21 21:35:12.890000,1.13151,1.13124,2250000,1870000
2016-08-21 21:35:13.370000,1.13151,1.13124,2250000,1370000
2016-08-21 21:35:13.871000,1.13151,1.13124,2250000,1870000
2016-08-21 21:35:18.468000,1.13151,1.13124,1750000,1870000
2016-08-21 21:35:18.569000,1.13151,1.13124,1750000,1120000
2016-08-21 21:35:18.671000,1.13151,1.13124,2250000,1120000
2016-08-21 21:35:18.879000,1.13151,1.13124,1750000,1120000
2016-08-21 21:35:19.880000,1.13151,1.13124,2250000,1120000
2016-08-21 21:35:20.264000,1.13151,1.13124,2250000,1370000
2016-08-21 21:35:23.789000,1.13151,1.13122,3000000,2620000
2016-08-21 21:35:23.891000,1.13151,1.13123,2250000,1370000
2016-08-21 21:35:24.043000,1.13151,1.13123,1870000,1370000
2016-08-21 21:35:24.526000,1.13151,1.13125,1370000,1120000
2016-08-21 21:35:24.577000,1.13151,1.13125,1370000,2620000
2016-08-21 21:35:24.628000,1.13152,1.13125,2810000,2620000
2016-08-21 21:35:30.485000,1.13152,1.13125,2810000,1870000
2016-08-21 21:35:34.478000,1.13152,1.13125,2810000,2620000
2016-08-21 21:35:35.862000,1.13152,1.13125,2810000,1870000
2016-08-21 21:35:36.794000,1.13152,1.13125,2810000,1120000
2016-08-21 21:35:36.896000,1.13152,1.13125,2810000,1870000
2016-08-21 21:35:37.120000,1.13152,1.13125,2810000,2620000
2016-08-21 21:35:38.404000,1.13152,1.13125,2810000,1870000
2016-08-21 21:35:40.815000,1.13152,1.13125,2810000,2620000
2016-08-21 21:35:42.858000,1.13152,1.13125,2060000,2620000
2016-08-21 21:35:48.776000,1.13152,1.13125,2060000,1870000
2016-08-21 21:35:48.827000,1.13152,1.13125,2060000,1120000
2016-08-21 21:36:02.859000,1.13152,1.13125,2440000,1120000
2016-08-21 21:36:02.910000,1.13152,1.13125,2810000,1120000
2016-08-21 21:36:04.746000,1.13152,1.13125,1620000,1120000
2016-08-21 21:36:10.171000,1.13152,1.13125,2810000,1120000
2016-08-21 21:36:16.839000,1.13152,1.13125,3560000,1120000
2016-08-21 21:36:23.222000,1.13152,1.13125,2810000,1120000
2016-08-21 21:36:23.274000,1.13151,1.13131,3370000,3000000
2016-08-21 21:36:23.326000,1.13150,1.13131,1190000,3370000
2016-08-21 21:36:23.377000,1.13149,1.13131,1250000,3370000
2016-08-21 21:36:23.536000,1.13149,1.13135,1250000,1000000
2016-08-21 21:36:25.531000,1.13149,1.13130,1500000,1000000
2016-08-21 21:36:25.582000,1.13149,1.13128,1000000,1950000
2016-08-21 21:36:25.633000,1.13152,1.13128,2620000,1500000
2016-08-21 21:36:25.684000,1.13152,1.13124,1870000,1120000
2016-08-21 21:36:25.744000,1.13152,1.13124,2060000,1120000
2016-08-21 21:36:25.954000,1.13152,1.13124,2060000,1370000
2016-08-21 21:36:26.078000,1.13152,1.13124,2060000,1870000
2016-08-21 21:36:26.180000,1.13152,1.13124,2060000,1370000
2016-08-21 21:36:26.404000,1.13152,1.13124,2060000,1870000
2016-08-21 21:36:27.079000,1.13152,1.13124,2060000,1370000
2016-08-21 21:36:27.181000,1.13152,1.13124,2060000,1870000
2016-08-21 21:36:27.282000,1.13152,1.13124,2060000,1370000
2016-08-21 21:36:27.907000,1.13152,1.13124,2060000,1870000
2016-08-21 21:36:42.824000,1.13152,1.13124,1870000,2620000
2016-08-21 21:36:42.951000,1.13152,1.13125,1870000,1370000
2016-08-21 21:36:46.716000,1.13152,1.13125,1870000,1870000
2016-08-21 21:37:06.795000,1.13152,1.13125,1870000,1100000
2016-08-21 21:37:06.897000,1.13149,1.13125,1370000,1100000
2016-08-21 21:37:07.780000,1.13150,1.13124,1370000,1120000
2016-08-21 21:37:12.160000,1.13152,1.13124,2060000,1120000
2016-08-21 21:37:15.982000,1.13152,1.13124,2060000,1870000
2016-08-21 21:37:16.084000,1.13151,1.13124,1620000,1120000
2016-08-21 21:37:16.596000,1.13151,1.13125,1620000,1120000
2016-08-21 21:37:19.767000,1.13150,1.13125,1370000,1120000
2016-08-21 21:37:22.541000,1.13150,1.13124,1370000,1370000
2016-08-21 21:37:22.769000,1.13152,1.13124,2620000,1370000
2016-08-21 21:37:22.871000,1.13152,1.13124,2620000,1870000
2016-08-21 21:37:24.783000,1.13150,1.13124,1370000,1370000
2016-08-21 21:37:25.914000,1.13152,1.13124,4120000,1370000
2016-08-21 21:37:25.965000,1.13151,1.13124,1870000,1370000
2016-08-21 21:37:26.452000,1.13149,1.13124,3750000,1120000
2016-08-21 21:37:28.853000,1.13149,1.13124,3750000,1100000
2016-08-21 21:37:42.204000,1.13149,1.13122,3750000,1370000
2016-08-21 21:37:44.736000,1.13149,1.13122,3750000,1870000
2016-08-21 21:38:00.489000,1.13149,1.13122,3750000,2620000
2016-08-21 21:38:00.590000,1.13149,1.13122,3750000,1870000
2016-08-21 21:38:00.641000,1.13149,1.13122,4500000,1870000
2016-08-21 21:38:00.743000,1.13149,1.13122,3750000,1870000
2016-08-21 21:38:01.925000,1.13149,1.13122,3750000,2250000
2016-08-21 21:38:02.027000,1.13149,1.13122,3750000,1870000
2016-08-21 21:38:02.813000,1.13149,1.13122,3750000,2620000
2016-08-21 21:38:02.864000,1.13149,1.13123,3750000,1370000
2016-08-21 21:38:03.952000,1.13150,1.13123,3750000,1100000
2016-08-21 21:38:12.436000,1.13149,1.13123,3750000,1370000
2016-08-21 21:38:12.639000,1.13151,1.13123,4500000,1370000
2016-08-21 21:38:18.490000,1.13149,1.13123,3750000,1370000
2016-08-21 21:38:20.897000,1.13150,1.13123,3750000,1370000
2016-08-21 21:38:27.073000,1.13149,1.13123,3750000,1370000
2016-08-21 21:38:41.801000,1.13149,1.13123,3750000,1120000
2016-08-21 21:38:45.216000,1.13149,1.13123,3750000,1370000
2016-08-21 21:38:54.683000,1.13150,1.13123,3750000,1120000
2016-08-21 21:39:00.522000,1.13149,1.13123,3750000,1370000
2016-08-21 21:39:13.493000,1.13152,1.13123,2620000,1370000
2016-08-21 21:39:13.920000,1.13152,1.13123,1870000,1370000
2016-08-21 21:39:13.971000,1.13150,1.13123,1370000,1370000
2016-08-21 21:39:14.073000,1.13152,1.13123,2620000,1370000
2016-08-21 21:39:16.761000,1.13152,1.13123,1870000,1370000
2016-08-21 21:39:23.927000,1.13152,1.13123,1870000,1870000
2016-08-21 21:39:24.317000,1.13152,1.13123,1870000,1370000
2016-08-21 21:39:32.200000,1.13152,1.13123,1870000,1870000
2016-08-21 21:39:42.802000,1.13152,1.13123,1870000,2620000
2016-08-21 21:39:42.903000,1.13152,1.13124,1870000,1370000
2016-08-21 21:40:27.573000,1.13152,1.13125,1870000,1870000
2016-08-21 21:40:27.624000,1.13152,1.13126,2250000,1370000
2016-08-21 21:40:27.675000,1.13152,1.13126,2440000,1370000
2016-08-21 21:41:07.581000,1.13151,1.13127,1000000,1370000
2016-08-21 21:41:08.828000,1.13151,1.13129,1000000,1100000
2016-08-21 21:41:08.880000,1.13152,1.13130,2440000,1370000
2016-08-21 21:41:08.931000,1.13152,1.13130,3190000,1370000
2016-08-21 21:41:09.134000,1.13152,1.13130,2250000,1370000
2016-08-21 21:41:09.185000,1.13152,1.13127,3000000,1370000
2016-08-21 21:41:30.200000,1.13152,1.13127,2250000,1370000
2016-08-21 21:41:30.705000,1.13152,1.13128,2250000,1370000
2016-08-21 21:41:31.001000,1.13152,1.13128,3000000,1370000
2016-08-21 21:41:36.863000,1.13152,1.13129,2250000,1120000
2016-08-21 21:41:47.060000,1.13152,1.13129,2250000,1370000
2016-08-21 21:42:00.232000,1.13152,1.13129,1500000,1370000
2016-08-21 21:42:09.897000,1.13153,1.13129,3000000,1370000
2016-08-21 21:42:12.259000,1.13153,1.13129,3000000,1120000
2016-08-21 21:42:20.135000,1.13152,1.13129,1500000,1120000
2016-08-21 21:42:29.089000,1.13152,1.13129,1690000,1120000
2016-08-21 21:42:29.191000,1.13152,1.13129,1690000,1370000
2016-08-21 21:42:31.923000,1.13152,1.13129,2440000,1370000
2016-08-21 21:42:39.369000,1.13152,1.13129,1690000,1370000
2016-08-21 21:42:42.074000,1.13152,1.13129,1500000,1870000
2016-08-21 21:42:42.125000,1.13152,1.13130,1500000,1370000
2016-08-21 21:42:42.176000,1.13152,1.13130,1500000,1870000
2016-08-21 21:42:52.841000,1.13152,1.13130,1500000,1370000
2016-08-21 21:42:54.846000,1.13152,1.13130,1500000,1870000
2016-08-21 21:42:56.445000,1.13152,1.13130,1500000,1370000
2016-08-21 21:42:56.809000,1.13152,1.13130,1500000,1870000
2016-08-21 21:43:20.149000,1.13152,1.13129,1500000,2620000
2016-08-21 21:43:29.960000,1.13152,1.13130,1500000,1370000
2016-08-21 21:43:30.468000,1.13152,1.13130,1500000,1870000
2016-08-21 21:43:30.519000,1.13152,1.13130,1500000,2620000
2016-08-21 21:43:30.569000,1.13152,1.13130,1500000,1870000
2016-08-21 21:43:30.671000,1.13152,1.13130,1500000,2620000
2016-08-21 21:43:30.823000,1.13152,1.13131,1500000,1370000
2016-08-21 21:44:10.211000,1.13152,1.13130,1500000,1870000
2016-08-21 21:44:17.789000,1.13152,1.13130,1500000,4120000
2016-08-21 21:44:33.605000,1.13152,1.13132,1500000,1120000
2016-08-21 21:45:13.581000,1.13152,1.13131,1500000,3370000
2016-08-21 21:45:30.207000,1.13152,1.13131,1500000,2620000
2016-08-21 21:45:34.877000,1.13152,1.13131,1500000,3370000
2016-08-21 21:45:52.532000,1.13153,1.13131,1500000,1370000
2016-08-21 21:45:53.563000,1.13153,1.13132,1500000,1120000
2016-08-21 21:46:34.215000,1.13152,1.13132,1000000,1120000
2016-08-21 21:46:35.865000,1.13153,1.13132,1500000,1120000
2016-08-21 21:46:48.135000,1.13153,1.13132,1500000,1000000
2016-08-21 21:47:20.523000,1.13152,1.13132,1500000,1000000
2016-08-21 21:47:22.372000,1.13152,1.13132,1690000,1000000
2016-08-21 21:47:29.431000,1.13152,1.13132,1500000,1000000
2016-08-21 21:47:45.878000,1.13152,1.13147,1870000,1000000
2016-08-21 21:47:45.929000,1.13152,1.13147,2810000,1000000
2016-08-21 21:47:45.984000,1.13152,1.13147,2440000,1000000
2016-08-21 21:47:46.086000,1.13152,1.13140,2440000,2060000
2016-08-21 21:47:46.137000,1.13152,1.13140,1500000,1500000
2016-08-21 21:47:46.188000,1.13152,1.13138,1500000,1500000
2016-08-21 21:47:46.290000,1.13152,1.13132,1500000,1870000
2016-08-21 21:47:49.744000,1.13151,1.13138,1190000,1190000
2016-08-21 21:47:49.795000,1.13151,1.13145,1190000,1000000
2016-08-21 21:47:50,1.13152,1.13140,3000000,3370000
2016-08-21 21:47:50.051000,1.13152,1.13132,2250000,3000000
2016-08-21 21:47:50.102000,1.13152,1.13132,2250000,2620000
2016-08-21 21:48:02.200000,1.13152,1.13132,2250000,1870000
2016-08-21 21:48:05.258000,1.13151,1.13138,1190000,1190000
2016-08-21 21:48:05.309000,1.13151,1.13141,1190000,3000000
2016-08-21 21:48:05.360000,1.13151,1.13141,1190000,3370000
2016-08-21 21:48:05.489000,1.13152,1.13139,2440000,1870000
2016-08-21 21:48:05.591000,1.13152,1.13132,2440000,3370000
2016-08-21 21:48:26.876000,1.13152,1.13132,2440000,2620000
2016-08-21 21:48:30.982000,1.13152,1.13140,2810000,3000000
2016-08-21 21:48:31.033000,1.13151,1.13143,1190000,1000000
2016-08-21 21:48:31.238000,1.13152,1.13132,2440000,4870000
2016-08-21 21:48:31.340000,1.13152,1.13132,2440000,3370000
2016-08-21 21:48:46.681000,1.13152,1.13132,2440000,2620000
2016-08-21 21:48:48.008000,1.13152,1.13132,2440000,1870000
2016-08-21 21:48:50.131000,1.13151,1.13144,1190000,1000000
2016-08-21 21:48:50.233000,1.13150,1.13144,1690000,1000000
2016-08-21 21:48:50.437000,1.13150,1.13144,1250000,1000000
2016-08-21 21:48:50.538000,1.13150,1.13144,1690000,1000000
2016-08-21 21:48:52.212000,1.13150,1.13144,1250000,1000000
2016-08-21 21:48:53.915000,1.13150,1.13144,1690000,1000000
2016-08-21 21:49:10.171000,1.13150,1.13144,1250000,1000000
2016-08-21 21:49:10.273000,1.13151,1.13144,1190000,1000000
2016-08-21 21:49:15.977000,1.13150,1.13144,1250000,1000000
2016-08-21 21:49:16.876000,1.13150,1.13144,1690000,1000000
2016-08-21 21:49:18.359000,1.13150,1.13144,1250000,1000000
2016-08-21 21:49:19.060000,1.13150,1.13144,1690000,1000000
2016-08-21 21:49:21.250000,1.13150,1.13145,1690000,1000000
2016-08-21 21:49:22.285000,1.13150,1.13145,1250000,1000000
2016-08-21 21:49:22.367000,1.13150,1.13145,1690000,1000000
2016-08-21 21:49:24.672000,1.13150,1.13145,1250000,1000000
2016-08-21 21:49:24.774000,1.13150,1.13145,1690000,1000000
2016-08-21 21:49:34.818000,1.13150,1.13145,1250000,1000000
2016-08-21 21:49:37.805000,1.13150,1.13145,1690000,1000000
2016-08-21 21:49:39.308000,1.13150,1.13145,1250000,1000000
2016-08-21 21:49:39.809000,1.13150,1.13145,1690000,1000000
2016-08-21 21:49:45.822000,1.13150,1.13145,1250000,1000000
2016-08-21 21:49:46.335000,1.13150,1.13145,1690000,1000000
2016-08-21 21:50:03.774000,1.13150,1.13145,1250000,1000000
2016-08-21 21:50:04.717000,1.13150,1.13145,1690000,1000000
2016-08-21 21:50:09.325000,1.13150,1.13145,1250000,1000000
2016-08-21 21:50:09.820000,1.13150,1.13145,1690000,1000000
2016-08-21 21:50:12.832000,1.13150,1.13145,1250000,1000000
2016-08-21 21:50:14.441000,1.13150,1.13145,1690000,1000000
2016-08-21 21:50:15.952000,1.13150,1.13145,1250000,1000000
2016-08-21 21:50:18.341000,1.13151,1.13145,1690000,1000000
2016-08-21 21:50:18.842000,1.13150,1.13145,1250000,1000000
2016-08-21 21:50:19.843000,1.13151,1.13145,1690000,1000000
2016-08-21 21:50:21.545000,1.13150,1.13145,1250000,1000000
2016-08-21 21:50:24.629000,1.13151,1.13145,1690000,1000000
2016-08-21 21:50:24.752000,1.13150,1.13145,1250000,1000000
2016-08-21 21:50:30.804000,1.13150,1.13144,1250000,1000000
2016-08-21 21:50:32.318000,1.13150,1.13145,1250000,1000000
2016-08-21 21:50:35.851000,1.13151,1.13145,1690000,1000000
2016-08-21 21:50:35.976000,1.13150,1.13145,1250000,1000000
2016-08-21 21:50:40.893000,1.13151,1.13145,1690000,1000000
2016-08-21 21:50:41.384000,1.13150,1.13145,1250000,1000000
2016-08-21 21:50:52.770000,1.13151,1.13145,1690000,1000000
2016-08-21 21:50:54.410000,1.13150,1.13145,1250000,1000000
2016-08-21 21:50:57.822000,1.13151,1.13145,1690000,1000000
2016-08-21 21:50:58.221000,1.13150,1.13145,1250000,1000000
2016-08-21 21:51:03.132000,1.13151,1.13145,1690000,1000000
2016-08-21 21:51:04.739000,1.13150,1.13145,1250000,1000000
2016-08-21 21:51:05.875000,1.13150,1.13145,1000000,1000000
2016-08-21 21:51:05.926000,1.13153,1.13145,1250000,1000000
2016-08-21 21:51:05.977000,1.13153,1.13145,1000000,1250000
2016-08-21 21:51:06.028000,1.13154,1.13146,3000000,1500000
2016-08-21 21:51:06.441000,1.13154,1.13147,3370000,1500000
2016-08-21 21:51:06.696000,1.13154,1.13147,4120000,1500000
2016-08-21 21:51:06.747000,1.13152,1.13145,1310000,2250000
2016-08-21 21:51:06.899000,1.13152,1.13145,1000000,4690000
2016-08-21 21:51:06.950000,1.13152,1.13146,1000000,1500000
2016-08-21 21:51:07.001000,1.13152,1.13146,1000000,3000000
2016-08-21 21:51:07.052000,1.13154,1.13147,3070000,1500000
2016-08-21 21:51:11.130000,1.13152,1.13146,1000000,1500000
2016-08-21 21:51:11.181000,1.13152,1.13146,1250000,1500000
2016-08-21 21:51:16.570000,1.13152,1.13145,1250000,2250000
2016-08-21 21:51:19.866000,1.13152,1.13145,1000000,5440000
2016-08-21 21:51:19.968000,1.13154,1.13146,3000000,1500000
2016-08-21 21:51:20.075000,1.13155,1.13146,4760000,3000000
2016-08-21 21:51:20.127000,1.13155,1.13147,4760000,1500000
2016-08-21 21:51:20.851000,1.13154,1.13147,3000000,1500000
2016-08-21 21:52:20.160000,1.13154,1.13146,3000000,1500000
2016-08-21 21:52:27.131000,1.13154,1.13145,3000000,3940000
2016-08-21 21:52:28.114000,1.13154,1.13146,3000000,1500000
2016-08-21 21:52:32.824000,1.13154,1.13145,3000000,3940000
2016-08-21 21:52:32.926000,1.13154,1.13146,3000000,1500000
2016-08-21 21:52:36.635000,1.13154,1.13145,3000000,3940000
2016-08-21 21:52:36.831000,1.13154,1.13146,3000000,1500000
2016-08-21 21:52:36.932000,1.13154,1.13145,3000000,3940000
2016-08-21 21:52:37.841000,1.13154,1.13146,3000000,1500000
2016-08-21 21:52:40.938000,1.13155,1.13147,3940000,1000000
2016-08-21 21:52:46.828000,1.13154,1.13147,3000000,1000000
2016-08-21 21:52:52.060000,1.13154,1.13146,3000000,1000000
2016-08-21 21:52:53.779000,1.13154,1.13147,3000000,1000000
2016-08-21 21:52:58.374000,1.13154,1.13146,3000000,1000000
2016-08-21 21:52:59.864000,1.13154,1.13147,3000000,1000000
2016-08-21 21:53:03.807000,1.13154,1.13146,3000000,1000000
2016-08-21 21:53:04.689000,1.13154,1.13147,3000000,1000000
2016-08-21 21:53:14.421000,1.13154,1.13146,3000000,1000000
2016-08-21 21:53:16.823000,1.13152,1.13147,1000000,1000000
2016-08-21 21:53:16.925000,1.13154,1.13147,3000000,3000000
2016-08-21 21:53:17.972000,1.13155,1.13147,3000000,3000000
2016-08-21 21:53:18.721000,1.13154,1.13147,1500000,3750000
2016-08-21 21:53:25.134000,1.13154,1.13147,1500000,4500000
2016-08-21 21:53:26.641000,1.13153,1.13147,1500000,3750000
2016-08-21 21:53:26.743000,1.13155,1.13147,4500000,1500000
2016-08-21 21:53:28.645000,1.13155,1.13146,4500000,4690000
2016-08-21 21:53:28.747000,1.13155,1.13147,4500000,1500000
2016-08-21 21:53:28.849000,1.13153,1.13147,1500000,3750000
2016-08-21 21:53:29.052000,1.13154,1.13147,1500000,4500000
2016-08-21 21:53:35.935000,1.13154,1.13147,1500000,3000000
2016-08-21 21:53:36.837000,1.13154,1.13147,1500000,4500000
2016-08-21 21:53:38.369000,1.13154,1.13147,1500000,3000000
2016-08-21 21:53:38.863000,1.13154,1.13147,1500000,4500000
2016-08-21 21:53:40.189000,1.13152,1.13147,1000000,4500000
2016-08-21 21:53:40.291000,1.13152,1.13145,2250000,1000000
2016-08-21 21:53:40.342000,1.13152,1.13143,2250000,2250000
2016-08-21 21:53:40.393000,1.13152,1.13141,2250000,2250000
2016-08-21 21:53:40.576000,1.13152,1.13137,2250000,1000000
2016-08-21 21:53:43.770000,1.13152,1.13137,1250000,1500000
2016-08-21 21:53:43.822000,1.13152,1.13138,1250000,1000000
2016-08-21 21:53:43.874000,1.13152,1.13138,1000000,3000000
2016-08-21 21:53:43.976000,1.13152,1.13138,3000000,2250000
2016-08-21 21:53:44.078000,1.13152,1.13138,3000000,1000000
2016-08-21 21:53:44.179000,1.13152,1.13138,3000000,2250000
2016-08-21 21:53:44.230000,1.13152,1.13138,3190000,2250000
2016-08-21 21:53:44.281000,1.13152,1.13138,3190000,2250000
2016-08-21 21:53:44.332000,1.13152,1.13138,3000000,2250000
2016-08-21 21:53:44.383000,1.13152,1.13138,3000000,2250000
2016-08-21 21:53:44.484000,1.13152,1.13138,3000000,2250000
2016-08-21 21:53:44.586000,1.13152,1.13138,3000000,2250000
2016-08-21 21:53:44.688000,1.13152,1.13138,3000000,2250000
2016-08-21 21:53:44.789000,1.13152,1.13138,3000000,1500000
2016-08-21 21:53:44.891000,1.13152,1.13138,3000000,1500000
2016-08-21 21:53:44.992000,1.13152,1.13138,3000000,1500000
2016-08-21 21:53:45.094000,1.13152,1.13138,3000000,2250000
2016-08-21 21:53:45.196000,1.13152,1.13138,3000000,1500000
2016-08-21 21:53:45.246000,1.13152,1.13138,3000000,2250000
2016-08-21 21:53:45.297000,1.13152,1.13138,3000000,2250000
2016-08-21 21:53:45.348000,1.13152,1.13138,3000000,1500000
2016-08-21 21:53:45.399000,1.13152,1.13138,3000000,1500000
2016-08-21 21:53:45.450000,1.13152,1.13138,3190000,2250000
2016-08-21 21:53:45.501000,1.13152,1.13138,3190000,1500000
2016-08-21 21:53:45.552000,1.13152,1.13138,1250000,1500000
2016-08-21 21:53:45.603000,1.13152,1.13138,1250000,1000000
2016-08-21 21:53:45.653000,1.13152,1.13138,1000000,1000000
2016-08-21 21:53:45.704000,1.13152,1.13138,1000000,2250000
2016-08-21 21:53:45.755000,1.13152,1.13138,3000000,3750000
2016-08-21 21:53:45.806000,1.13152,1.13138,3000000,2250000
2016-08-21 21:53:45.857000,1.13152,1.13138,3000000,1000000
2016-08-21 21:53:45.908000,1.13152,1.13138,3000000,1500000
2016-08-21 21:53:45.959000,1.13152,1.13138,3190000,1500000
2016-08-21 21:53:46.060000,1.13152,1.13138,3000000,1000000
2016-08-21 21:53:46.162000,1.13152,1.13138,3000000,1500000
2016-08-21 21:53:46.213000,1.13152,1.13138,3190000,1500000
2016-08-21 21:53:46.264000,1.13152,1.13138,3190000,1500000
2016-08-21 21:53:46.365000,1.13152,1.13138,3190000,2250000
2016-08-21 21:53:46.467000,1.13152,1.13138,3190000,1500000
2016-08-21 21:53:46.518000,1.13152,1.13138,3000000,1500000
2016-08-21 21:53:46.569000,1.13152,1.13137,1000000,3000000
2016-08-21 21:53:46.620000,1.13152,1.13137,1250000,3000000
2016-08-21 21:53:46.671000,1.13152,1.13138,3190000,1000000
2016-08-21 21:53:46.721000,1.13152,1.13138,3000000,1000000
2016-08-21 21:53:46.772000,1.13152,1.13137,1000000,3000000
2016-08-21 21:53:46.877000,1.13152,1.13138,3000000,1000000
2016-08-21 21:53:46.979000,1.13152,1.13138,1000000,2250000
2016-08-21 21:53:47.030000,1.13152,1.13138,1000000,3000000
2016-08-21 21:53:47.081000,1.13152,1.13138,3000000,1500000
2016-08-21 21:53:47.183000,1.13152,1.13138,3000000,2250000
2016-08-21 21:53:47.284000,1.13152,1.13138,3000000,1500000
2016-08-21 21:53:47.386000,1.13152,1.13138,3000000,2250000
2016-08-21 21:53:47.487000,1.13152,1.13138,3000000,1500000
2016-08-21 21:53:47.556000,1.13152,1.13138,3000000,1000000
2016-08-21 21:53:47.611000,1.13152,1.13138,3000000,1500000
2016-08-21 21:53:47.662000,1.13152,1.13138,3000000,1500000
2016-08-21 21:53:47.764000,1.13152,1.13138,3190000,1500000
2016-08-21 21:53:47.866000,1.13152,1.13138,3000000,1500000
2016-08-21 21:53:47.967000,1.13152,1.13138,3000000,4500000
2016-08-21 21:53:48.069000,1.13152,1.13138,3000000,3000000
2016-08-21 21:53:48.171000,1.13152,1.13138,3000000,3000000
2016-08-21 21:53:48.222000,1.13152,1.13138,3190000,3000000
2016-08-21 21:53:48.273000,1.13152,1.13138,3190000,2250000
2016-08-21 21:53:48.324000,1.13152,1.13138,3000000,2250000
2016-08-21 21:53:48.374000,1.13152,1.13138,3000000,3750000
2016-08-21 21:53:48.476000,1.13152,1.13138,3000000,1000000
2016-08-21 21:53:48.578000,1.13152,1.13138,3000000,3750000
2016-08-21 21:53:48.629000,1.13152,1.13138,3190000,3750000
2016-08-21 21:53:48.680000,1.13152,1.13138,3190000,2250000
2016-08-21 21:53:48.730000,1.13152,1.13138,3000000,2250000
2016-08-21 21:53:48.782000,1.13152,1.13138,3000000,2250000
2016-08-21 21:53:48.884000,1.13152,1.13138,3000000,1000000
2016-08-21 21:53:48.985000,1.13152,1.13138,3000000,1500000
2016-08-21 21:53:49.087000,1.13152,1.13138,3000000,1500000
2016-08-21 21:53:49.189000,1.13152,1.13138,3000000,1500000
2016-08-21 21:53:49.240000,1.13152,1.13138,3000000,2250000
2016-08-21 21:53:49.290000,1.13152,1.13138,3000000,1000000
2016-08-21 21:53:49.392000,1.13152,1.13138,3190000,3750000
2016-08-21 21:53:49.496000,1.13152,1.13138,3190000,2250000
2016-08-21 21:53:49.547000,1.13152,1.13138,3000000,2250000
2016-08-21 21:53:49.598000,1.13152,1.13138,3000000,1500000
2016-08-21 21:53:49.649000,1.13152,1.13138,3190000,2250000
2016-08-21 21:53:49.699000,1.13152,1.13138,3190000,1000000
2016-08-21 21:53:49.787000,1.13152,1.13138,3000000,2250000
2016-08-21 21:53:49.889000,1.13152,1.13138,3000000,2250000
2016-08-21 21:53:50.092000,1.13152,1.13138,3000000,2250000
2016-08-21 21:53:50.195000,1.13152,1.13138,1000000,1000000
2016-08-21 21:53:50.297000,1.13152,1.13138,3000000,2250000
2016-08-21 21:53:50.399000,1.13152,1.13138,1250000,2250000
2016-08-21 21:53:50.500000,1.13152,1.13138,3000000,3750000
2016-08-21 21:53:50.602000,1.13152,1.13138,3000000,2250000
2016-08-21 21:53:50.703000,1.13152,1.13138,3000000,2250000
2016-08-21 21:53:50.805000,1.13152,1.13138,3000000,2250000
2016-08-21 21:53:50.856000,1.13152,1.13138,3190000,2250000
2016-08-21 21:53:50.907000,1.13152,1.13138,3190000,3750000
2016-08-21 21:53:50.957000,1.13152,1.13138,3000000,3750000
2016-08-21 21:53:51.008000,1.13152,1.13136,3000000,1500000
2016-08-21 21:53:51.059000,1.13152,1.13138,3000000,1000000
2016-08-21 21:53:51.110000,1.13152,1.13138,3000000,2250000
2016-08-21 21:53:51.212000,1.13152,1.13138,3000000,1000000
2016-08-21 21:53:51.263000,1.13152,1.13138,3000000,2250000
2016-08-21 21:53:51.314000,1.13152,1.13138,3000000,3750000
2016-08-21 21:53:51.415000,1.13152,1.13138,3000000,2250000
2016-08-21 21:53:51.466000,1.13152,1.13138,1000000,1000000
2016-08-21 21:53:51.568000,1.13152,1.13138,3000000,1000000
2016-08-21 21:53:51.619000,1.13152,1.13138,3190000,1000000
2016-08-21 21:53:51.720000,1.13152,1.13138,3000000,2250000
2016-08-21 21:53:51.771000,1.13152,1.13138,1000000,2250000
2016-08-21 21:53:51.822000,1.13152,1.13138,1250000,1000000
2016-08-21 21:53:51.873000,1.13152,1.13138,3190000,1000000
2016-08-21 21:53:51.924000,1.13152,1.13138,3000000,2250000
2016-08-21 21:53:51.975000,1.13152,1.13138,3000000,1000000
2016-08-21 21:53:52.027000,1.13152,1.13136,3000000,2250000
2016-08-21 21:53:52.078000,1.13152,1.13138,3000000,3750000
2016-08-21 21:53:52.183000,1.13152,1.13138,3000000,1000000
2016-08-21 21:53:52.386000,1.13152,1.13138,3000000,2250000
2016-08-21 21:53:52.488000,1.13152,1.13138,3190000,1500000
2016-08-21 21:53:52.589000,1.13152,1.13138,3000000,2250000
2016-08-21 21:53:52.691000,1.13152,1.13138,1000000,1500000
2016-08-21 21:53:52.793000,1.13152,1.13138,3000000,3750000
2016-08-21 21:53:52.844000,1.13152,1.13138,3190000,3750000
2016-08-21 21:53:52.895000,1.13152,1.13138,3190000,1000000
2016-08-21 21:53:52.945000,1.13152,1.13138,3000000,1000000
2016-08-21 21:53:52.996000,1.13152,1.13138,1000000,2250000
2016-08-21 21:53:53.047000,1.13152,1.13138,1250000,2250000
2016-08-21 21:53:53.098000,1.13152,1.13138,3190000,1000000
2016-08-21 21:53:53.149000,1.13152,1.13138,3000000,1000000
2016-08-21 21:53:53.200000,1.13152,1.13138,3000000,3750000
2016-08-21 21:53:53.301000,1.13152,1.13138,3000000,1000000
2016-08-21 21:53:53.403000,1.13152,1.13138,3000000,2250000
2016-08-21 21:53:53.505000,1.13152,1.13138,3000000,1000000
2016-08-21 21:53:53.606000,1.13152,1.13138,3000000,3000000
2016-08-21 21:53:53.708000,1.13152,1.13138,3000000,1000000
2016-08-21 21:53:53.810000,1.13152,1.13138,3000000,3750000
2016-08-21 21:53:53.861000,1.13152,1.13138,3000000,3000000
2016-08-21 21:53:53.912000,1.13152,1.13138,3000000,1000000
2016-08-21 21:53:54.013000,1.13152,1.13138,3190000,2250000
2016-08-21 21:53:54.065000,1.13152,1.13138,3190000,1500000
2016-08-21 21:53:54.117000,1.13152,1.13138,3190000,1000000
2016-08-21 21:53:54.167000,1.13152,1.13138,3000000,2250000
2016-08-21 21:53:54.218000,1.13152,1.13138,3000000,3750000
2016-08-21 21:53:54.269000,1.13152,1.13138,3190000,2250000
2016-08-21 21:53:54.320000,1.13152,1.13138,3190000,1000000
2016-08-21 21:53:54.371000,1.13152,1.13138,3000000,2250000
2016-08-21 21:53:54.423000,1.13152,1.13138,3000000,3750000
2016-08-21 21:53:54.474000,1.13152,1.13138,3000000,2250000
2016-08-21 21:53:54.525000,1.13152,1.13138,3000000,1000000
2016-08-21 21:53:54.576000,1.13152,1.13138,3000000,2250000
2016-08-21 21:53:54.627000,1.13152,1.13138,3000000,3750000
2016-08-21 21:53:54.678000,1.13152,1.13138,3000000,2250000
2016-08-21 21:53:54.729000,1.13152,1.13138,3000000,1000000
2016-08-21 21:53:54.780000,1.13152,1.13138,3000000,2250000
2016-08-21 21:53:54.831000,1.13152,1.13138,3000000,3000000
2016-08-21 21:53:54.882000,1.13152,1.13136,3000000,1500000
2016-08-21 21:53:54.934000,1.13152,1.13138,3000000,1000000
2016-08-21 21:53:54.985000,1.13152,1.13138,3000000,3750000
2016-08-21 21:53:55.087000,1.13152,1.13138,1000000,1000000
2016-08-21 21:53:55.188000,1.13152,1.13138,1000000,2250000
2016-08-21 21:53:55.239000,1.13152,1.13138,1250000,2250000
2016-08-21 21:53:55.290000,1.13152,1.13138,3190000,2250000
2016-08-21 21:53:55.341000,1.13152,1.13138,3000000,1000000
2016-08-21 21:53:55.392000,1.13152,1.13138,3000000,2250000
2016-08-21 21:53:55.493000,1.13152,1.13138,1000000,1000000
2016-08-21 21:53:55.595000,1.13152,1.13138,3000000,3750000
2016-08-21 21:53:55.698000,1.13152,1.13138,3190000,1000000
2016-08-21 21:53:55.799000,1.13152,1.13138,3000000,3750000
2016-08-21 21:53:55.901000,1.13152,1.13138,3000000,1000000
2016-08-21 21:53:56.003000,1.13152,1.13138,3000000,3750000
2016-08-21 21:53:56.108000,1.13152,1.13138,3190000,1000000
2016-08-21 21:53:56.210000,1.13152,1.13138,3190000,3750000
2016-08-21 21:53:56.311000,1.13152,1.13138,1250000,1000000
2016-08-21 21:53:56.362000,1.13152,1.13138,1000000,1000000
2016-08-21 21:53:56.413000,1.13152,1.13138,3000000,2250000
2016-08-21 21:53:56.464000,1.13152,1.13138,3190000,2250000
2016-08-21 21:53:56.515000,1.13152,1.13138,1250000,1000000
2016-08-21 21:53:56.566000,1.13152,1.13138,1000000,1000000
2016-08-21 21:53:56.626000,1.13152,1.13138,3000000,3750000
2016-08-21 21:53:56.678000,1.13152,1.13138,3000000,1500000
2016-08-21 21:53:56.729000,1.13152,1.13138,3000000,1000000
2016-08-21 21:53:56.783000,1.13152,1.13138,3000000,2250000
2016-08-21 21:53:56.834000,1.13152,1.13138,3000000,3000000
2016-08-21 21:53:56.884000,1.13152,1.13138,3000000,2250000
2016-08-21 21:53:56.935000,1.13152,1.13138,3000000,1000000
2016-08-21 21:53:56.986000,1.13152,1.13138,1000000,1000000
2016-08-21 21:53:57.037000,1.13152,1.13138,1000000,2250000
2016-08-21 21:53:57.088000,1.13152,1.13138,3000000,2250000
2016-08-21 21:53:57.139000,1.13152,1.13138,3000000,1000000
2016-08-21 21:53:57.190000,1.13152,1.13138,3000000,2250000
2016-08-21 21:53:57.241000,1.13152,1.13138,3000000,3000000
2016-08-21 21:53:57.292000,1.13152,1.13140,2250000,1500000
2016-08-21 21:53:57.394000,1.13152,1.13141,1500000,3000000
2016-08-21 21:53:57.496000,1.13152,1.13138,1500000,3750000
2016-08-21 21:53:57.598000,1.13152,1.13140,1500000,3000000
2016-08-21 21:53:57.700000,1.13153,1.13141,1500000,1500000
2016-08-21 21:53:57.802000,1.13152,1.13138,1500000,3750000
2016-08-21 21:53:57.853000,1.13152,1.13140,1500000,1000000
2016-08-21 21:53:57.904000,1.13152,1.13141,1500000,1000000
2016-08-21 21:53:58.006000,1.13152,1.13141,1500000,3750000
2016-08-21 21:53:58.108000,1.13152,1.13141,1500000,1500000
2016-08-21 21:53:58.159000,1.13152,1.13140,1500000,1000000
2016-08-21 21:53:58.210000,1.13152,1.13140,1500000,3750000
2016-08-21 21:53:58.311000,1.13152,1.13141,1500000,3000000
2016-08-21 21:53:58.414000,1.13152,1.13138,1500000,3750000
2016-08-21 21:53:58.465000,1.13152,1.13139,1500000,1000000
2016-08-21 21:53:58.516000,1.13152,1.13140,1500000,3000000
2016-08-21 21:53:58.567000,1.13152,1.13140,1500000,3750000
2016-08-21 21:53:58.618000,1.13153,1.13141,1500000,1500000
2016-08-21 21:53:58.719000,1.13152,1.13138,1500000,3750000
2016-08-21 21:53:58.770000,1.13152,1.13140,1500000,1000000
2016-08-21 21:53:58.821000,1.13152,1.13140,1500000,3750000
2016-08-21 21:53:58.872000,1.13152,1.13140,1500000,3000000
2016-08-21 21:53:58.923000,1.13152,1.13141,1500000,1500000
2016-08-21 21:53:59.024000,1.13152,1.13139,1500000,1000000
2016-08-21 21:53:59.076000,1.13152,1.13140,1500000,1000000
2016-08-21 21:53:59.130000,1.13152,1.13140,1500000,3750000
2016-08-21 21:53:59.181000,1.13151,1.13140,1000000,2250000
2016-08-21 21:53:59.232000,1.13151,1.13141,1000000,1000000
2016-08-21 21:53:59.334000,1.13151,1.13138,1000000,1000000
2016-08-21 21:53:59.385000,1.13151,1.13138,1000000,2250000
2016-08-21 21:53:59.436000,1.13151,1.13138,1000000,3750000
2016-08-21 21:53:59.487000,1.13151,1.13138,1000000,2250000
2016-08-21 21:53:59.538000,1.13151,1.13138,1000000,1000000
2016-08-21 21:53:59.589000,1.13151,1.13138,1000000,2250000
2016-08-21 21:53:59.639000,1.13151,1.13138,1000000,3750000
2016-08-21 21:53:59.690000,1.13151,1.13138,1000000,2250000
2016-08-21 21:53:59.741000,1.13151,1.13138,1000000,1000000
2016-08-21 21:53:59.792000,1.13151,1.13138,1000000,2250000
2016-08-21 21:53:59.843000,1.13151,1.13138,1000000,3750000
2016-08-21 21:53:59.894000,1.13151,1.13138,1000000,1500000
2016-08-21 21:53:59.945000,1.13151,1.13136,1000000,1500000
2016-08-21 21:53:59.996000,1.13151,1.13138,1000000,1500000
2016-08-21 21:54:00.047000,1.13151,1.13138,1000000,3000000
2016-08-21 21:54:00.098000,1.13151,1.13138,1000000,1500000
2016-08-21 21:54:00.149000,1.13151,1.13136,1000000,1500000
2016-08-21 21:54:00.200000,1.13151,1.13138,1000000,1500000
2016-08-21 21:54:00.251000,1.13151,1.13138,1000000,3000000
2016-08-21 21:54:00.313000,1.13151,1.13138,1000000,1500000
2016-08-21 21:54:00.364000,1.13151,1.13136,1000000,1500000
2016-08-21 21:54:00.415000,1.13151,1.13138,1000000,3000000
2016-08-21 21:54:00.517000,1.13151,1.13136,1000000,1500000
2016-08-21 21:54:00.619000,1.13151,1.13138,1000000,3000000
2016-08-21 21:54:00.720000,1.13151,1.13136,1000000,1500000
2016-08-21 21:54:00.822000,1.13151,1.13138,1000000,1500000
2016-08-21 21:54:00.924000,1.13151,1.13136,1000000,1500000
2016-08-21 21:54:01.025000,1.13151,1.13138,1000000,3000000
2016-08-21 21:54:01.127000,1.13151,1.13136,1000000,1500000
2016-08-21 21:54:01.228000,1.13151,1.13138,1000000,3000000
2016-08-21 21:54:01.330000,1.13151,1.13136,1000000,1500000
2016-08-21 21:54:01.432000,1.13151,1.13138,1000000,1500000
2016-08-21 21:54:01.534000,1.13151,1.13136,1000000,1500000
2016-08-21 21:54:01.587000,1.13151,1.13138,1000000,1500000
2016-08-21 21:54:01.638000,1.13151,1.13138,1000000,3000000
2016-08-21 21:54:01.689000,1.13151,1.13138,1000000,1500000
2016-08-21 21:54:01.739000,1.13151,1.13136,1000000,1000000
2016-08-21 21:54:01.790000,1.13151,1.13138,1000000,1500000
2016-08-21 21:54:01.841000,1.13151,1.13138,1000000,3000000
2016-08-21 21:54:01.892000,1.13151,1.13138,1000000,1500000
2016-08-21 21:54:01.943000,1.13151,1.13136,1000000,1500000
2016-08-21 21:54:01.994000,1.13151,1.13138,1000000,1500000
2016-08-21 21:54:02.045000,1.13151,1.13138,1000000,3000000
2016-08-21 21:54:02.096000,1.13151,1.13138,1000000,1500000
2016-08-21 21:54:02.147000,1.13151,1.13136,1000000,1500000
2016-08-21 21:54:02.198000,1.13151,1.13138,1000000,1500000
2016-08-21 21:54:02.249000,1.13151,1.13138,1000000,3000000
2016-08-21 21:54:02.300000,1.13151,1.13138,1000000,1500000
2016-08-21 21:54:02.351000,1.13151,1.13136,1000000,1500000
2016-08-21 21:54:02.422000,1.13151,1.13138,1000000,1500000
2016-08-21 21:54:02.474000,1.13151,1.13138,1000000,3000000
2016-08-21 21:54:02.526000,1.13151,1.13136,1000000,1500000
2016-08-21 21:54:02.628000,1.13151,1.13138,1000000,3000000
2016-08-21 21:54:02.730000,1.13151,1.13136,1000000,1000000
2016-08-21 21:54:02.832000,1.13151,1.13138,1000000,3000000
2016-08-21 21:54:02.933000,1.13151,1.13138,1000000,1500000
2016-08-21 21:54:03.035000,1.13151,1.13138,1000000,1500000
2016-08-21 21:54:03.086000,1.13151,1.13138,1000000,3000000
2016-08-21 21:54:03.137000,1.13151,1.13138,1000000,1500000
2016-08-21 21:54:03.188000,1.13151,1.13136,1000000,1500000
2016-08-21 21:54:03.239000,1.13151,1.13138,1000000,1500000
2016-08-21 21:54:03.290000,1.13151,1.13138,1000000,3000000
2016-08-21 21:54:03.341000,1.13151,1.13138,1000000,1500000
2016-08-21 21:54:03.392000,1.13151,1.13136,1000000,1500000
2016-08-21 21:54:03.443000,1.13151,1.13138,1000000,1500000
2016-08-21 21:54:03.494000,1.13151,1.13138,1000000,3000000
2016-08-21 21:54:03.545000,1.13151,1.13138,1000000,1500000
2016-08-21 21:54:03.596000,1.13151,1.13136,1000000,1500000
2016-08-21 21:54:03.647000,1.13151,1.13138,1000000,1500000
2016-08-21 21:54:03.698000,1.13151,1.13138,1000000,3000000
2016-08-21 21:54:03.748000,1.13151,1.13138,1000000,1500000
2016-08-21 21:54:03.799000,1.13151,1.13136,1000000,1500000
2016-08-21 21:54:03.901000,1.13151,1.13138,1000000,1500000
2016-08-21 21:54:04.003000,1.13151,1.13136,1000000,1500000
2016-08-21 21:54:04.104000,1.13151,1.13138,1000000,1500000
2016-08-21 21:54:04.155000,1.13151,1.13138,1000000,2250000
2016-08-21 21:54:04.206000,1.13151,1.13138,1000000,1000000
2016-08-21 21:54:04.257000,1.13151,1.13136,1000000,1500000
2016-08-21 21:54:04.309000,1.13151,1.13138,1000000,1500000
2016-08-21 21:54:04.360000,1.13151,1.13138,1000000,2250000
2016-08-21 21:54:04.411000,1.13151,1.13138,1000000,1000000
2016-08-21 21:54:04.492000,1.13151,1.13138,1000000,1500000
2016-08-21 21:54:04.544000,1.13151,1.13138,1000000,2250000
2016-08-21 21:54:04.595000,1.13151,1.13138,1000000,1000000
2016-08-21 21:54:04.696000,1.13151,1.13138,1000000,2250000
2016-08-21 21:54:04.798000,1.13151,1.13138,1000000,1000000
2016-08-21 21:54:04.849000,1.13151,1.13138,1000000,1500000
2016-08-21 21:54:04.951000,1.13151,1.13138,1000000,1000000
2016-08-21 21:54:05.053000,1.13151,1.13137,1000000,1000000
2016-08-21 21:54:05.104000,1.13151,1.13138,1000000,1500000
2016-08-21 21:54:05.154000,1.13151,1.13138,1000000,2250000
2016-08-21 21:54:05.205000,1.13151,1.13138,1000000,1000000
2016-08-21 21:54:05.256000,1.13151,1.13137,1000000,1000000
2016-08-21 21:54:05.307000,1.13151,1.13138,1000000,1500000
2016-08-21 21:54:05.358000,1.13151,1.13138,1000000,3000000
2016-08-21 21:54:05.409000,1.13151,1.13138,1000000,1500000
2016-08-21 21:54:05.510000,1.13151,1.13138,1000000,3000000
2016-08-21 21:54:05.561000,1.13151,1.13138,1000000,1500000
2016-08-21 21:54:05.612000,1.13151,1.13137,1000000,1000000
2016-08-21 21:54:05.663000,1.13151,1.13137,1000000,1500000
2016-08-21 21:54:05.714000,1.13151,1.13138,1000000,1500000
2016-08-21 21:54:05.816000,1.13151,1.13137,1000000,1000000
2016-08-21 21:54:05.867000,1.13151,1.13137,1000000,2250000
2016-08-21 21:54:05.918000,1.13151,1.13138,1000000,1500000
2016-08-21 21:54:06.020000,1.13151,1.13137,1000000,1000000
2016-08-21 21:54:06.071000,1.13151,1.13138,1000000,1500000
2016-08-21 21:54:06.173000,1.13151,1.13137,1000000,2250000
2016-08-21 21:54:06.224000,1.13151,1.13137,1000000,1000000
2016-08-21 21:54:06.275000,1.13151,1.13138,1000000,1500000
2016-08-21 21:54:06.326000,1.13151,1.13137,1000000,2250000
2016-08-21 21:54:06.427000,1.13151,1.13138,1000000,1500000
2016-08-21 21:54:06.529000,1.13151,1.13138,1000000,1500000
2016-08-21 21:54:06.630000,1.13151,1.13138,1000000,1500000
2016-08-21 21:54:06.754000,1.13151,1.13138,1000000,3000000
2016-08-21 21:54:06.812000,1.13151,1.13137,1000000,1000000
2016-08-21 21:54:06.863000,1.13151,1.13138,1000000,1500000
2016-08-21 21:54:06.914000,1.13151,1.13138,1000000,3000000
2016-08-21 21:54:06.965000,1.13151,1.13138,1000000,1500000
2016-08-21 21:54:07.015000,1.13151,1.13137,1000000,1000000
2016-08-21 21:54:07.066000,1.13151,1.13138,1000000,1500000
2016-08-21 21:54:07.117000,1.13151,1.13138,1000000,3000000
2016-08-21 21:54:07.168000,1.13151,1.13138,1000000,1500000
2016-08-21 21:54:07.219000,1.13151,1.13137,1000000,1000000
2016-08-21 21:54:07.270000,1.13151,1.13138,1000000,1500000
2016-08-21 21:54:07.321000,1.13151,1.13138,1000000,3000000
2016-08-21 21:54:07.372000,1.13151,1.13138,1000000,1500000
2016-08-21 21:54:07.423000,1.13151,1.13137,1000000,1000000
2016-08-21 21:54:07.474000,1.13151,1.13138,1000000,1500000
2016-08-21 21:54:07.525000,1.13151,1.13138,1000000,3000000
2016-08-21 21:54:07.576000,1.13151,1.13138,1000000,1500000
2016-08-21 21:54:07.627000,1.13151,1.13137,1000000,1000000
2016-08-21 21:54:07.678000,1.13151,1.13138,1000000,1500000
2016-08-21 21:54:07.729000,1.13151,1.13138,1000000,1500000
2016-08-21 21:54:07.830000,1.13151,1.13138,1000000,1500000
2016-08-21 21:54:07.932000,1.13151,1.13138,1000000,1500000
2016-08-21 21:54:08.034000,1.13151,1.13137,1000000,2250000
2016-08-21 21:54:08.135000,1.13151,1.13137,1000000,2250000
2016-08-21 21:54:08.237000,1.13151,1.13138,1000000,1500000
2016-08-21 21:54:08.339000,1.13151,1.13138,1000000,1500000
2016-08-21 21:54:08.441000,1.13151,1.13137,1000000,2250000
2016-08-21 21:54:08.542000,1.13151,1.13138,1000000,1500000
2016-08-21 21:54:08.644000,1.13151,1.13138,1000000,1500000
2016-08-21 21:54:08.695000,1.13151,1.13138,1000000,3000000
2016-08-21 21:54:08.763000,1.13151,1.13138,1000000,1500000
2016-08-21 21:54:08.815000,1.13151,1.13137,1000000,1000000
2016-08-21 21:54:08.866000,1.13151,1.13138,1000000,1500000
2016-08-21 21:54:08.917000,1.13151,1.13138,1000000,3000000
2016-08-21 21:54:08.968000,1.13151,1.13138,1000000,1500000
2016-08-21 21:54:09.019000,1.13151,1.13137,1000000,1000000
2016-08-21 21:54:09.070000,1.13151,1.13138,1000000,1500000
2016-08-21 21:54:09.121000,1.13151,1.13138,1000000,3000000
2016-08-21 21:54:09.172000,1.13151,1.13138,1000000,1500000
2016-08-21 21:54:09.222000,1.13151,1.13137,1000000,1000000
2016-08-21 21:54:09.273000,1.13151,1.13138,1000000,1500000
2016-08-21 21:54:09.324000,1.13151,1.13138,1000000,3000000
2016-08-21 21:54:09.375000,1.13151,1.13138,1000000,1500000
2016-08-21 21:54:09.426000,1.13151,1.13137,1000000,1000000
2016-08-21 21:54:09.477000,1.13151,1.13138,1000000,1500000
2016-08-21 21:54:09.528000,1.13151,1.13138,1000000,3000000
2016-08-21 21:54:09.579000,1.13151,1.13138,1000000,1500000
2016-08-21 21:54:09.630000,1.13151,1.13137,1000000,1000000
2016-08-21 21:54:09.681000,1.13151,1.13138,1000000,1500000
2016-08-21 21:54:09.732000,1.13151,1.13138,1000000,1500000
2016-08-21 21:54:09.834000,1.13151,1.13138,1000000,1500000
2016-08-21 21:54:09.935000,1.13151,1.13138,1000000,1500000
2016-08-21 21:54:10.037000,1.13151,1.13138,1000000,1500000
2016-08-21 21:54:10.139000,1.13151,1.13138,1000000,1500000
2016-08-21 21:54:10.240000,1.13151,1.13138,1000000,1500000
2016-08-21 21:54:10.342000,1.13151,1.13138,1000000,1500000
2016-08-21 21:54:10.444000,1.13151,1.13138,1000000,1500000
2016-08-21 21:54:10.545000,1.13151,1.13138,1000000,1500000
2016-08-21 21:54:10.647000,1.13151,1.13138,1000000,1500000
2016-08-21 21:54:10.749000,1.13151,1.13138,1000000,1500000
2016-08-21 21:54:10.800000,1.13151,1.13137,1000000,1000000
2016-08-21 21:54:10.851000,1.13151,1.13138,1000000,1500000
2016-08-21 21:54:10.902000,1.13151,1.13138,1000000,3000000
2016-08-21 21:54:10.953000,1.13151,1.13138,1000000,1500000
2016-08-21 21:54:11.004000,1.13151,1.13137,1000000,1000000
2016-08-21 21:54:11.055000,1.13151,1.13138,1000000,1500000
2016-08-21 21:54:11.106000,1.13151,1.13138,1000000,3000000
2016-08-21 21:54:11.157000,1.13151,1.13138,1000000,1500000
2016-08-21 21:54:11.208000,1.13151,1.13137,1000000,1000000
2016-08-21 21:54:11.259000,1.13151,1.13138,1000000,1500000
2016-08-21 21:54:11.310000,1.13151,1.13138,1000000,3000000
2016-08-21 21:54:11.360000,1.13151,1.13138,1000000,1500000
2016-08-21 21:54:11.411000,1.13151,1.13137,1000000,1000000
2016-08-21 21:54:11.462000,1.13151,1.13138,1000000,1500000
2016-08-21 21:54:11.513000,1.13151,1.13138,1000000,3000000
2016-08-21 21:54:11.564000,1.13151,1.13138,1000000,1500000
2016-08-21 21:54:11.615000,1.13151,1.13137,1000000,1000000
2016-08-21 21:54:11.666000,1.13151,1.13138,1000000,1500000
2016-08-21 21:54:11.768000,1.13151,1.13137,1000000,2250000
2016-08-21 21:54:11.819000,1.13151,1.13137,1000000,1000000
2016-08-21 21:54:11.870000,1.13151,1.13138,1000000,1500000
2016-08-21 21:54:11.921000,1.13151,1.13138,1000000,3000000
2016-08-21 21:54:11.972000,1.13151,1.13138,1000000,1500000
2016-08-21 21:54:12.023000,1.13151,1.13137,1000000,1000000
2016-08-21 21:54:12.074000,1.13151,1.13138,1000000,1500000
