time,ask,bid,ask_volume,bid_volume
2016-03-27 21:00:34.688000,1.11699,1.11615,750000,240000
2016-03-27 21:00:35.415000,1.11700,1.11615,750000,240000
2016-03-27 21:01:20.330000,1.11699,1.11615,750000,240000
2016-03-27 21:02:20.391000,1.11701,1.11615,1500000,240000
2016-03-27 21:02:25.559000,1.11699,1.11615,750000,240000
2016-03-27 21:02:54.380000,1.11688,1.11603,750000,750000
2016-03-27 21:03:00.137000,1.11692,1.11602,5250000,750000
2016-03-27 21:04:03.058000,1.11693,1.11602,1000000,1000000
2016-03-27 21:04:07.038000,1.11693,1.11602,1000000,1190000
2016-03-27 21:05:40.227000,1.11693,1.11602,1000000,1250000
2016-03-27 21:05:45.619000,1.11690,1.11602,1000000,1250000
2016-03-27 21:05:46.384000,1.11689,1.11602,1000000,1250000
2016-03-27 21:05:52.335000,1.11689,1.11604,1000000,1190000
2016-03-27 21:05:56.630000,1.11690,1.11604,1000000,1190000
2016-03-27 21:05:59.892000,1.11689,1.11604,1000000,1190000
2016-03-27 21:06:05.929000,1.11690,1.11606,1000000,1250000
2016-03-27 21:06:06.438000,1.11689,1.11607,1000000,1000000
2016-03-27 21:06:11.033000,1.11690,1.11606,1000000,1250000
2016-03-27 21:06:12.136000,1.11689,1.11607,1000000,1000000
2016-03-27 21:06:12.697000,1.11689,1.11608,1000000,1000000
2016-03-27 21:06:39.018000,1.11690,1.11607,1000000,1000000
2016-03-27 21:06:39.808000,1.11689,1.11608,1000000,1000000
2016-03-27 21:06:40.427000,1.11682,1.11608,1000000,1500000
2016-03-27 21:06:43.110000,1.11680,1.11610,1500000,1500000
2016-03-27 21:06:58.893000,1.11681,1.11609,1000000,1500000
2016-03-27 21:07:03.223000,1.11680,1.11610,1500000,1500000
2016-03-27 21:07:31.831000,1.11681,1.11609,750000,1500000
2016-03-27 21:07:38.224000,1.11681,1.11610,750000,1000000
2016-03-27 21:07:38.275000,1.11687,1.11614,1000000,1000000
2016-03-27 21:07:45.043000,1.11686,1.11615,1000000,1000000
2016-03-27 21:07:59.567000,1.11687,1.11614,1000000,1000000
2016-03-27 21:08:14.292000,1.11686,1.11615,1500000,1500000
2016-03-27 21:08:26.011000,1.11688,1.11613,1500000,1000000
2016-03-27 21:12:13.610000,1.11688,1.11613,1370000,1370000
2016-03-27 21:13:12.849000,1.11688,1.11613,1370000,1370000
2016-03-27 21:14:07.827000,1.11687,1.11614,2000000,1750000
2016-03-27 21:15:02.829000,1.11687,1.11614,2000000,1750000
2016-03-27 21:15:31.548000,1.11691,1.11624,1000000,1000000
2016-03-27 21:17:56.327000,1.11691,1.11624,1190000,1250000
2016-03-27 21:18:16.158000,1.11691,1.11624,1190000,1190000
2016-03-27 21:19:01.686000,1.11691,1.11624,1190000,1250000
2016-03-27 21:19:06.108000,1.11691,1.11624,1190000,1190000
2016-03-27 21:20:06.585000,1.11692,1.11624,1190000,1190000
2016-03-27 21:20:06.686000,1.11692,1.11624,1190000,1190000
2016-03-27 21:20:07.093000,1.11692,1.11626,1190000,1190000
2016-03-27 21:20:18.274000,1.11692,1.11623,1190000,1690000
2016-03-27 21:20:23.680000,1.11692,1.11624,1190000,1190000
2016-03-27 21:20:24.184000,1.11692,1.11624,1190000,1190000
2016-03-27 21:20:26.579000,1.11692,1.11623,1190000,1690000
2016-03-27 21:21:11.744000,1.11691,1.11627,1190000,1190000
2016-03-27 21:21:12.529000,1.11691,1.11627,1190000,1190000
2016-03-27 21:21:19.836000,1.11691,1.11628,1690000,1190000
2016-03-27 21:21:23.040000,1.11691,1.11628,1690000,1190000
2016-03-27 21:21:58.521000,1.11691,1.11625,1190000,1190000
2016-03-27 21:21:59.062000,1.11691,1.11625,1190000,1190000
2016-03-27 21:22:01.687000,1.11691,1.11625,1190000,1190000
2016-03-27 21:22:06.501000,1.11691,1.11625,1190000,1190000
2016-03-27 21:22:14.942000,1.11691,1.11624,1190000,1690000
2016-03-27 21:22:15.198000,1.11691,1.11624,1190000,2440000
2016-03-27 21:22:18.404000,1.11691,1.11627,1190000,1190000
2016-03-27 21:22:20.204000,1.11691,1.11627,1190000,1190000
2016-03-27 21:22:27.956000,1.11692,1.11624,1190000,1190000
2016-03-27 21:22:41.153000,1.11692,1.11623,1190000,1190000
2016-03-27 21:22:41.658000,1.11692,1.11623,1190000,1190000
2016-03-27 21:22:46.271000,1.11692,1.11623,1190000,1190000
2016-03-27 21:23:27.014000,1.11691,1.11624,1190000,1190000
2016-03-27 21:23:27.533000,1.11691,1.11624,1190000,1190000
2016-03-27 21:23:46.401000,1.11691,1.11624,1190000,1190000
2016-03-27 21:23:46.502000,1.11691,1.11624,1190000,1190000
2016-03-27 21:23:48.404000,1.11691,1.11624,1190000,1190000
2016-03-27 21:24:42.962000,1.11691,1.11624,1190000,1190000
2016-03-27 21:24:47.881000,1.11691,1.11624,1190000,1190000
2016-03-27 21:24:51,1.11691,1.11624,1190000,1190000
2016-03-27 21:26:19.367000,1.11691,1.11624,1190000,1190000
2016-03-27 21:26:19.910000,1.11691,1.11624,1190000,1190000
2016-03-27 21:29:30.117000,1.11691,1.11624,1190000,1190000
2016-03-27 21:29:30.398000,1.11691,1.11624,1190000,1190000
2016-03-27 21:29:58.691000,1.11691,1.11624,1190000,1190000
2016-03-27 21:29:59.211000,1.11691,1.11624,1190000,1190000
2016-03-27 21:30:01.747000,1.11691,1.11624,1190000,1190000
2016-03-27 21:30:04.547000,1.11691,1.11624,1190000,1190000
2016-03-27 21:30:43.192000,1.11692,1.11627,1190000,1190000
2016-03-27 21:30:46.198000,1.11692,1.11638,190000,190000
2016-03-27 21:30:46.883000,1.11692,1.11628,190000,1190000
2016-03-27 21:30:48.476000,1.11693,1.11638,190000,190000
2016-03-27 21:31:12.720000,1.11692,1.11631,190000,1190000
2016-03-27 21:31:13.356000,1.11693,1.11631,190000,1190000
2016-03-27 21:31:24.575000,1.11693,1.11633,190000,1190000
2016-03-27 21:31:46.471000,1.11704,1.11633,1190000,1190000
2016-03-27 21:32:19.966000,1.11694,1.11633,190000,1190000
2016-03-27 21:32:26.991000,1.11694,1.11635,190000,1190000
2016-03-27 21:32:29.197000,1.11695,1.11634,190000,1190000
2016-03-27 21:33:37.893000,1.11695,1.11634,190000,1190000
2016-03-27 21:34:07.968000,1.11695,1.11633,190000,1190000
2016-03-27 21:34:13.189000,1.11695,1.11632,190000,1190000
2016-03-27 21:34:36.532000,1.11695,1.11633,190000,1190000
2016-03-27 21:35:01.492000,1.11697,1.11633,190000,1190000
2016-03-27 21:35:04.595000,1.11695,1.11633,190000,1190000
2016-03-27 21:35:12.474000,1.11697,1.11629,190000,1190000
2016-03-27 21:35:12.576000,1.11696,1.11629,190000,1190000
2016-03-27 21:35:12.775000,1.11708,1.11640,1190000,190000
2016-03-27 21:35:12.876000,1.11705,1.11630,1190000,1190000
2016-03-27 21:35:13.626000,1.11705,1.11630,1190000,1190000
2016-03-27 21:35:29.323000,1.11705,1.11634,1190000,1690000
2016-03-27 21:35:51.556000,1.11696,1.11635,190000,1190000
2016-03-27 21:35:51.880000,1.11705,1.11635,1190000,1190000
2016-03-27 21:35:52.381000,1.11707,1.11635,1190000,1690000
2016-03-27 21:35:52.752000,1.11707,1.11635,1190000,1190000
2016-03-27 21:35:53.484000,1.11707,1.11635,1190000,1690000
2016-03-27 21:35:54.175000,1.11705,1.11636,1190000,1190000
2016-03-27 21:36:00.451000,1.11706,1.11637,1190000,1690000
2016-03-27 21:36:00.881000,1.11695,1.11637,190000,1000000
2016-03-27 21:36:01.301000,1.11697,1.11637,190000,1250000
2016-03-27 21:36:01.821000,1.11696,1.11637,190000,1250000
2016-03-27 21:36:05.466000,1.11707,1.11634,1190000,1190000
2016-03-27 21:36:05.863000,1.11707,1.11634,1190000,1190000
2016-03-27 21:36:06.471000,1.11707,1.11634,1190000,1190000
2016-03-27 21:36:07.279000,1.11697,1.11633,190000,1190000
2016-03-27 21:36:07.678000,1.11707,1.11634,1190000,1190000
2016-03-27 21:36:08.080000,1.11697,1.11634,190000,1190000
2016-03-27 21:36:08.481000,1.11707,1.11634,1190000,1190000
2016-03-27 21:36:09.032000,1.11707,1.11634,1190000,1190000
2016-03-27 21:36:14.430000,1.11706,1.11637,1190000,1690000
2016-03-27 21:36:15.733000,1.11707,1.11637,1690000,1690000
2016-03-27 21:36:16.585000,1.11707,1.11637,1190000,1190000
2016-03-27 21:36:17.100000,1.11707,1.11637,1190000,1190000
2016-03-27 21:36:18.219000,1.11707,1.11637,1690000,1690000
2016-03-27 21:36:18.637000,1.11707,1.11637,1690000,1190000
2016-03-27 21:36:19.405000,1.11697,1.11635,190000,1190000
2016-03-27 21:36:19.806000,1.11707,1.11636,1190000,1190000
2016-03-27 21:36:25.727000,1.11705,1.11636,1190000,1690000
2016-03-27 21:36:26.143000,1.11705,1.11636,1190000,1690000
2016-03-27 21:36:26.844000,1.11707,1.11636,1190000,1190000
2016-03-27 21:36:27.244000,1.11707,1.11636,1190000,1190000
2016-03-27 21:36:36.050000,1.11705,1.11636,1190000,1690000
2016-03-27 21:36:36.464000,1.11705,1.11636,1190000,1190000
2016-03-27 21:36:36.565000,1.11696,1.11636,190000,1250000
2016-03-27 21:36:36.873000,1.11707,1.11636,1190000,1190000
2016-03-27 21:36:37.230000,1.11695,1.11635,190000,1250000
2016-03-27 21:36:37.433000,1.11697,1.11636,190000,1000000
2016-03-27 21:36:37.546000,1.11707,1.11636,1190000,1190000
2016-03-27 21:36:37.875000,1.11707,1.11636,1190000,1190000
2016-03-27 21:36:38.194000,1.11697,1.11636,190000,1190000
2016-03-27 21:36:38.264000,1.11696,1.11635,190000,1190000
2016-03-27 21:36:46.471000,1.11697,1.11635,190000,1690000
2016-03-27 21:36:46.577000,1.11707,1.11637,1690000,1190000
2016-03-27 21:36:47.779000,1.11707,1.11636,1690000,1190000
2016-03-27 21:36:48.448000,1.11706,1.11636,1190000,1190000
2016-03-27 21:36:48.970000,1.11707,1.11635,1190000,1190000
2016-03-27 21:36:49.544000,1.11696,1.11635,190000,1190000
2016-03-27 21:36:49.845000,1.11707,1.11635,1190000,1190000
2016-03-27 21:36:49.946000,1.11707,1.11635,1190000,1190000
2016-03-27 21:36:50.047000,1.11707,1.11635,1190000,1190000
2016-03-27 21:36:50.273000,1.11707,1.11635,1190000,1190000
2016-03-27 21:36:50.374000,1.11707,1.11635,1190000,1190000
2016-03-27 21:36:50.877000,1.11707,1.11635,1190000,1190000
2016-03-27 21:36:51.849000,1.11707,1.11635,1190000,1190000
2016-03-27 21:36:52.268000,1.11707,1.11635,1190000,1190000
2016-03-27 21:36:52.597000,1.11697,1.11635,190000,1190000
2016-03-27 21:36:52.650000,1.11707,1.11635,1190000,1190000
2016-03-27 21:36:52.887000,1.11707,1.11635,1190000,1190000
2016-03-27 21:36:53.287000,1.11707,1.11635,1190000,1190000
2016-03-27 21:36:53.352000,1.11696,1.11635,190000,1190000
2016-03-27 21:36:53.589000,1.11707,1.11635,1190000,1190000
2016-03-27 21:36:53.856000,1.11707,1.11635,1190000,1190000
2016-03-27 21:36:54.200000,1.11696,1.11635,190000,1190000
2016-03-27 21:37:11.015000,1.11704,1.11636,1190000,1190000
2016-03-27 21:37:11.116000,1.11698,1.11636,190000,1190000
2016-03-27 21:37:11.465000,1.11709,1.11641,1190000,1000000
2016-03-27 21:37:11.971000,1.11709,1.11641,1190000,1000000
2016-03-27 21:37:14.169000,1.11710,1.11636,1190000,1190000
2016-03-27 21:37:14.700000,1.11698,1.11636,190000,1190000
2016-03-27 21:38:16.251000,1.11707,1.11638,1190000,190000
2016-03-27 21:38:16.862000,1.11707,1.11633,1690000,1190000
2016-03-27 21:38:17.032000,1.11707,1.11633,1190000,1190000
2016-03-27 21:38:17.256000,1.11704,1.11633,1190000,1190000
2016-03-27 21:38:17.688000,1.11707,1.11633,1190000,1190000
2016-03-27 21:38:18.190000,1.11707,1.11633,1690000,1190000
2016-03-27 21:38:21.457000,1.11707,1.11636,2440000,940000
2016-03-27 21:38:22.039000,1.11700,1.11636,1190000,1190000
2016-03-27 21:38:22.422000,1.11704,1.11636,1190000,940000
2016-03-27 21:38:23.132000,1.11704,1.11636,1190000,940000
2016-03-27 21:38:23.976000,1.11704,1.11635,1190000,940000
2016-03-27 21:38:24.784000,1.11704,1.11636,1190000,940000
2016-03-27 21:38:25.861000,1.11704,1.11636,1190000,940000
2016-03-27 21:38:26.373000,1.11703,1.11632,1190000,1190000
2016-03-27 21:38:27.330000,1.11703,1.11632,1190000,1190000
2016-03-27 21:38:28.980000,1.11703,1.11632,1190000,1190000
2016-03-27 21:38:33.543000,1.11706,1.11633,1190000,1190000
2016-03-27 21:38:34.360000,1.11707,1.11632,1190000,1190000
2016-03-27 21:38:35.341000,1.11706,1.11633,1190000,1190000
2016-03-27 21:38:36.543000,1.11706,1.11633,1190000,1190000
2016-03-27 21:38:37.367000,1.11706,1.11633,1190000,1190000
2016-03-27 21:38:38.456000,1.11707,1.11632,1190000,1190000
2016-03-27 21:38:43.190000,1.11706,1.11635,1190000,1190000
2016-03-27 21:38:43.355000,1.11706,1.11635,1190000,1190000
2016-03-27 21:38:43.456000,1.11706,1.11635,1190000,1190000
2016-03-27 21:38:43.605000,1.11706,1.11635,1190000,1190000
2016-03-27 21:38:44.129000,1.11706,1.11635,1190000,1190000
2016-03-27 21:38:44.894000,1.11706,1.11635,1190000,1190000
2016-03-27 21:38:45.399000,1.11707,1.11634,1690000,1190000
2016-03-27 21:38:54.173000,1.11675,1.11634,1000000,1190000
2016-03-27 21:38:54.274000,1.11675,1.11633,1000000,1000000
2016-03-27 21:38:54.899000,1.11675,1.11634,1000000,1000000
2016-03-27 21:38:57.209000,1.11675,1.11633,1000000,1000000
2016-03-27 21:38:58.351000,1.11675,1.11634,1000000,1000000
2016-03-27 21:38:58.452000,1.11675,1.11632,1000000,1000000
2016-03-27 21:39:01.230000,1.11675,1.11627,1000000,1500000
2016-03-27 21:39:06.168000,1.11675,1.11626,1000000,1000000
2016-03-27 21:39:06.219000,1.11675,1.11624,1000000,1000000
2016-03-27 21:39:06.906000,1.11675,1.11623,1000000,1690000
2016-03-27 21:39:11.224000,1.11675,1.11622,1000000,1690000
2016-03-27 21:39:14.218000,1.11675,1.11623,1000000,1250000
2016-03-27 21:39:20.567000,1.11674,1.11630,1000000,1250000
2016-03-27 21:39:20.819000,1.11675,1.11623,1000000,1250000
2016-03-27 21:39:24.427000,1.11675,1.11622,1000000,1250000
2016-03-27 21:40:55.837000,1.11675,1.11622,1190000,1250000
2016-03-27 21:41:00.164000,1.11675,1.11622,1250000,1250000
2016-03-27 21:41:06.575000,1.11676,1.11622,1190000,1250000
2016-03-27 21:41:16.491000,1.11676,1.11623,1190000,1210000
2016-03-27 21:41:16.992000,1.11676,1.11623,1190000,1210000
2016-03-27 21:41:21.608000,1.11676,1.11623,1000000,1210000
2016-03-27 21:41:33.205000,1.11676,1.11625,1000000,1710000
2016-03-27 21:41:51.729000,1.11675,1.11624,1000000,1210000
2016-03-27 21:41:53.353000,1.11675,1.11624,1190000,1210000
2016-03-27 21:42:04.967000,1.11626,1.11613,120000,1000000
2016-03-27 21:42:05.256000,1.11640,1.11607,1000000,1560000
2016-03-27 21:42:05.307000,1.11644,1.11606,1000000,4690000
2016-03-27 21:42:05.358000,1.11644,1.11608,1000000,1190000
2016-03-27 21:42:05.762000,1.11647,1.11606,1000000,1370000
2016-03-27 21:42:05.813000,1.11651,1.11609,1500000,1190000
2016-03-27 21:42:05.914000,1.11656,1.11609,1500000,1190000
2016-03-27 21:42:06.017000,1.11659,1.11605,2250000,1190000
2016-03-27 21:42:06.802000,1.11661,1.11605,1000000,1190000
2016-03-27 21:42:07.055000,1.11663,1.11605,1500000,1690000
2016-03-27 21:42:07.157000,1.11663,1.11606,1000000,1370000
2016-03-27 21:42:07.207000,1.11667,1.11606,1190000,1370000
2016-03-27 21:42:07.359000,1.11671,1.11605,1190000,1690000
2016-03-27 21:42:07.460000,1.11671,1.11605,1690000,1190000
2016-03-27 21:42:08.174000,1.11672,1.11640,3750000,440000
2016-03-27 21:42:08.276000,1.11677,1.11645,3000000,1060000
2016-03-27 21:42:08.377000,1.11676,1.11648,1000000,1000000
2016-03-27 21:42:08.580000,1.11676,1.11641,1000000,1000000
2016-03-27 21:42:09.122000,1.11677,1.11640,3940000,1000000
2016-03-27 21:42:09.451000,1.11676,1.11639,1000000,1440000
2016-03-27 21:42:09.754000,1.11676,1.11632,1000000,2250000
2016-03-27 21:42:09.906000,1.11677,1.11627,1000000,1000000
2016-03-27 21:42:10.431000,1.11676,1.11627,1000000,1000000
2016-03-27 21:42:11.384000,1.11676,1.11621,1000000,1000000
2016-03-27 21:42:11.885000,1.11677,1.11621,1500000,1000000
2016-03-27 21:42:13.792000,1.11676,1.11621,1000000,1000000
2016-03-27 21:42:16.210000,1.11677,1.11621,1000000,1000000
2016-03-27 21:42:16.749000,1.11676,1.11621,1000000,1000000
2016-03-27 21:42:18.553000,1.11676,1.11620,1000000,1500000
2016-03-27 21:42:19.054000,1.11676,1.11621,1000000,1000000
2016-03-27 21:42:21.960000,1.11676,1.11620,1000000,1500000
2016-03-27 21:42:22.499000,1.11676,1.11623,1000000,1000000
2016-03-27 21:42:23.906000,1.11676,1.11624,1000000,1000000
2016-03-27 21:42:28.240000,1.11676,1.11623,1000000,1000000
2016-03-27 21:42:28.782000,1.11676,1.11624,1000000,1000000
2016-03-27 21:42:39.243000,1.11676,1.11625,1000000,1000000
2016-03-27 21:42:47.219000,1.11676,1.11624,1000000,1500000
2016-03-27 21:42:48.522000,1.11677,1.11624,1000000,1500000
2016-03-27 21:42:49.733000,1.11677,1.11625,1000000,1000000
2016-03-27 21:42:54.564000,1.11677,1.11624,1000000,1000000
2016-03-27 21:43:01.659000,1.11677,1.11625,1000000,1000000
2016-03-27 21:43:07.157000,1.11676,1.11624,1000000,1000000
2016-03-27 21:43:07.745000,1.11677,1.11624,1500000,1000000
2016-03-27 21:43:10.106000,1.11677,1.11623,1500000,1500000
2016-03-27 21:43:10.716000,1.11677,1.11624,1500000,1000000
2016-03-27 21:43:11.481000,1.11677,1.11623,1500000,1500000
2016-03-27 21:43:11.982000,1.11677,1.11624,1500000,1000000
2016-03-27 21:43:12.563000,1.11676,1.11624,1000000,1500000
2016-03-27 21:43:14.010000,1.11676,1.11625,1000000,1000000
2016-03-27 21:43:18.571000,1.11676,1.11624,1000000,1000000
2016-03-27 21:43:19.216000,1.11677,1.11624,1500000,1000000
2016-03-27 21:43:20.234000,1.11677,1.11623,1500000,1500000
2016-03-27 21:43:20.739000,1.11677,1.11624,1500000,1000000
2016-03-27 21:43:21.283000,1.11676,1.11624,1000000,1500000
2016-03-27 21:43:23.820000,1.11676,1.11625,1000000,1000000
2016-03-27 21:43:27.883000,1.11677,1.11625,1000000,1000000
2016-03-27 21:43:32.335000,1.11677,1.11624,1000000,1000000
2016-03-27 21:43:32.887000,1.11677,1.11625,1000000,1000000
2016-03-27 21:43:34.884000,1.11677,1.11624,1000000,1000000
2016-03-27 21:43:35.395000,1.11677,1.11625,1000000,1000000
2016-03-27 21:43:35.896000,1.11677,1.11624,1000000,1000000
2016-03-27 21:43:36.397000,1.11677,1.11625,1000000,1000000
2016-03-27 21:43:37.834000,1.11677,1.11626,1000000,1000000
2016-03-27 21:43:41.608000,1.11675,1.11626,1000000,1000000
2016-03-27 21:43:41.658000,1.11675,1.11622,1220000,1000000
2016-03-27 21:43:41.709000,1.11674,1.11619,1220000,1000000
2016-03-27 21:43:41.760000,1.11674,1.11618,1220000,1000000
2016-03-27 21:43:41.911000,1.11676,1.11619,1120000,1000000
2016-03-27 21:43:46.651000,1.11676,1.11620,1000000,1000000
2016-03-27 21:43:50.368000,1.11676,1.11622,1000000,1000000
2016-03-27 21:43:53.808000,1.11676,1.11621,1000000,1000000
2016-03-27 21:43:54.312000,1.11676,1.11622,1000000,1000000
2016-03-27 21:43:55.315000,1.11676,1.11621,1000000,1000000
2016-03-27 21:43:56.268000,1.11676,1.11622,1000000,1000000
2016-03-27 21:43:56.769000,1.11676,1.11621,1000000,1000000
2016-03-27 21:43:57.270000,1.11676,1.11622,1000000,1000000
2016-03-27 21:43:58.942000,1.11676,1.11623,1000000,1000000
2016-03-27 21:43:59.564000,1.11676,1.11624,1000000,1000000
2016-03-27 21:44:00.076000,1.11676,1.11623,1000000,1500000
2016-03-27 21:44:01.078000,1.11676,1.11624,1000000,1000000
2016-03-27 21:44:01.782000,1.11677,1.11623,1000000,1000000
2016-03-27 21:44:02.386000,1.11677,1.11624,1000000,750000
2016-03-27 21:44:02.688000,1.11677,1.11629,1000000,1000000
2016-03-27 21:44:03.236000,1.11677,1.11628,1000000,1000000
2016-03-27 21:44:03.774000,1.11677,1.11629,1000000,1000000
2016-03-27 21:44:04.185000,1.11677,1.11632,1000000,1000000
2016-03-27 21:44:04.511000,1.11677,1.11626,1000000,1000000
2016-03-27 21:44:05.087000,1.11677,1.11625,1000000,1000000
2016-03-27 21:44:05.588000,1.11677,1.11626,1000000,1000000
2016-03-27 21:44:06.393000,1.11677,1.11625,1000000,1000000
2016-03-27 21:44:06.943000,1.11676,1.11626,1000000,1000000
2016-03-27 21:44:07.491000,1.11676,1.11632,1000000,1000000
2016-03-27 21:44:08.139000,1.11677,1.11631,1000000,1000000
2016-03-27 21:44:09.270000,1.11676,1.11632,1000000,1000000
2016-03-27 21:44:09.773000,1.11676,1.11628,1000000,1000000
2016-03-27 21:44:14.614000,1.11676,1.11627,1000000,1000000
2016-03-27 21:44:18.661000,1.11676,1.11633,1000000,1000000
2016-03-27 21:44:26.695000,1.11676,1.11634,1000000,1000000
2016-03-27 21:44:32.281000,1.11677,1.11630,1500000,1000000
2016-03-27 21:44:33.222000,1.11676,1.11630,1000000,1000000
2016-03-27 21:44:33.761000,1.11676,1.11631,1000000,1000000
2016-03-27 21:44:36.275000,1.11676,1.11630,1000000,1000000
2016-03-27 21:44:36.824000,1.11676,1.11631,1000000,1000000
2016-03-27 21:44:39.102000,1.11676,1.11635,1000000,1000000
2016-03-27 21:44:47.900000,1.11677,1.11634,1000000,1000000
2016-03-27 21:44:48.469000,1.11676,1.11635,1000000,1000000
2016-03-27 21:44:50.304000,1.11677,1.11634,1500000,1000000
2016-03-27 21:44:52.718000,1.11676,1.11635,1000000,1000000
2016-03-27 21:44:59.414000,1.11676,1.11631,1000000,1000000
2016-03-27 21:45:00.831000,1.11675,1.11631,1000000,1000000
2016-03-27 21:45:03.249000,1.11675,1.11635,1000000,1000000
2016-03-27 21:45:06.627000,1.11677,1.11635,1000000,1000000
2016-03-27 21:45:07.944000,1.11675,1.11635,1000000,1000000
2016-03-27 21:45:23.474000,1.11676,1.11634,1000000,1000000
2016-03-27 21:45:23.976000,1.11675,1.11635,1000000,1000000
2016-03-27 21:45:25.553000,1.11675,1.11631,1000000,1000000
2016-03-27 21:45:27.355000,1.11675,1.11630,1000000,1000000
2016-03-27 21:45:27.931000,1.11675,1.11631,1000000,1000000
2016-03-27 21:45:30.927000,1.11676,1.11631,1000000,1000000
2016-03-27 21:45:32.897000,1.11676,1.11630,1000000,1000000
2016-03-27 21:45:33.403000,1.11676,1.11631,1000000,1000000
2016-03-27 21:45:36.520000,1.11676,1.11630,1000000,1000000
2016-03-27 21:45:37.042000,1.11676,1.11631,1000000,1000000
2016-03-27 21:45:37.543000,1.11676,1.11632,1000000,1000000
2016-03-27 21:45:38.896000,1.11677,1.11632,1500000,1000000
2016-03-27 21:45:39.948000,1.11677,1.11631,1500000,1000000
2016-03-27 21:45:40.550000,1.11677,1.11632,1500000,1000000
2016-03-27 21:45:46.615000,1.11676,1.11632,1000000,1000000
2016-03-27 21:45:47.221000,1.11677,1.11632,1500000,1000000
2016-03-27 21:45:47.862000,1.11677,1.11631,1500000,1000000
2016-03-27 21:45:48.365000,1.11677,1.11632,1500000,1000000
2016-03-27 21:45:48.521000,1.11677,1.11634,1000000,1000000
2016-03-27 21:45:51.028000,1.11677,1.11632,1500000,1000000
2016-03-27 21:45:52.506000,1.11677,1.11631,1500000,1000000
2016-03-27 21:45:53.093000,1.11677,1.11632,1500000,1000000
2016-03-27 21:45:54.099000,1.11675,1.11635,1000000,1000000
2016-03-27 21:45:57.018000,1.11678,1.11653,2250000,1000000
2016-03-27 21:45:57.322000,1.11675,1.11651,1000000,1500000
2016-03-27 21:45:57.423000,1.11676,1.11648,1500000,2250000
2016-03-27 21:45:57.474000,1.11676,1.11643,1500000,1000000
2016-03-27 21:45:57.941000,1.11675,1.11638,1000000,1000000
2016-03-27 21:46:01.599000,1.11676,1.11638,1000000,1000000
2016-03-27 21:46:02.245000,1.11675,1.11638,1000000,1000000
2016-03-27 21:46:02.296000,1.11675,1.11636,1000000,1000000
2016-03-27 21:46:03.184000,1.11675,1.11635,1000000,1000000
2016-03-27 21:46:06.841000,1.11675,1.11632,1000000,1000000
2016-03-27 21:46:07.149000,1.11675,1.11625,1000000,1000000
2016-03-27 21:46:07.250000,1.11675,1.11628,1000000,1000000
2016-03-27 21:46:07.402000,1.11675,1.11625,1000000,1500000
2016-03-27 21:46:07.604000,1.11675,1.11628,1000000,1000000
2016-03-27 21:46:13.827000,1.11675,1.11629,1000000,750000
2016-03-27 21:46:14.055000,1.11675,1.11623,1000000,1000000
2016-03-27 21:46:18.961000,1.11669,1.11623,1220000,750000
2016-03-27 21:46:19.062000,1.11667,1.11617,1000000,1000000
2016-03-27 21:46:20.542000,1.11667,1.11616,1000000,1000000
2016-03-27 21:46:21.271000,1.11667,1.11617,1000000,1000000
2016-03-27 21:46:25.169000,1.11667,1.11614,1000000,1500000
2016-03-27 21:46:25.682000,1.11667,1.11615,2470000,1000000
2016-03-27 21:46:26.233000,1.11667,1.11614,2470000,1500000
2016-03-27 21:46:26.745000,1.11667,1.11615,3220000,1000000
2016-03-27 21:46:28.188000,1.11667,1.11614,2470000,1500000
2016-03-27 21:46:28.754000,1.11667,1.11615,3220000,1000000
2016-03-27 21:46:29.492000,1.11667,1.11615,3220000,1000000
2016-03-27 21:46:29.542000,1.11665,1.11615,1000000,1000000
2016-03-27 21:46:30.121000,1.11665,1.11612,1000000,1250000
2016-03-27 21:46:35.169000,1.11667,1.11612,2250000,1250000
2016-03-27 21:46:35.271000,1.11669,1.11612,3370000,1250000
2016-03-27 21:46:38.558000,1.11667,1.11612,1000000,1250000
2016-03-27 21:46:43.169000,1.11668,1.11612,1000000,1250000
2016-03-27 21:46:46.573000,1.11669,1.11612,2250000,1250000
2016-03-27 21:46:51.536000,1.11673,1.11612,3000000,1250000
2016-03-27 21:46:56.548000,1.11673,1.11615,2250000,1000000
2016-03-27 21:47:00.782000,1.11673,1.11614,1500000,1000000
2016-03-27 21:47:01.331000,1.11673,1.11615,2250000,1000000
2016-03-27 21:47:03.194000,1.11673,1.11614,1500000,1000000
2016-03-27 21:47:03.697000,1.11673,1.11615,2250000,1000000
2016-03-27 21:47:04.611000,1.11673,1.11614,1500000,1000000
2016-03-27 21:47:05.127000,1.11673,1.11615,2250000,1000000
2016-03-27 21:47:06.489000,1.11673,1.11616,2250000,1000000
2016-03-27 21:47:08.540000,1.11675,1.11616,1000000,1000000
2016-03-27 21:47:10.318000,1.11676,1.11616,1000000,1000000
2016-03-27 21:47:11.646000,1.11676,1.11618,1000000,1000000
2016-03-27 21:47:13.137000,1.11676,1.11617,1000000,1000000
2016-03-27 21:47:13.744000,1.11676,1.11618,1000000,1000000
2016-03-27 21:47:17.259000,1.11676,1.11617,1000000,1000000
2016-03-27 21:47:17.763000,1.11676,1.11618,1000000,1000000
2016-03-27 21:47:19.776000,1.11676,1.11617,1000000,1000000
2016-03-27 21:47:20.279000,1.11676,1.11618,1000000,1000000
2016-03-27 21:47:25.618000,1.11676,1.11617,1000000,1000000
2016-03-27 21:47:26.175000,1.11676,1.11618,1000000,1000000
2016-03-27 21:47:30.991000,1.11676,1.11617,1000000,1000000
2016-03-27 21:47:31.569000,1.11676,1.11618,1000000,1000000
2016-03-27 21:47:33.783000,1.11676,1.11619,1000000,1000000
2016-03-27 21:47:36.213000,1.11676,1.11618,1000000,1000000
2016-03-27 21:47:36.714000,1.11676,1.11619,1000000,1000000
2016-03-27 21:47:37.354000,1.11675,1.11619,1000000,1000000
2016-03-27 21:47:40.401000,1.11675,1.11617,1000000,1000000
2016-03-27 21:47:42.415000,1.11675,1.11616,1000000,1000000
2016-03-27 21:47:43.417000,1.11675,1.11617,1000000,1000000
2016-03-27 21:47:44.923000,1.11675,1.11616,1000000,1000000
2016-03-27 21:47:45.473000,1.11675,1.11617,1000000,1000000
2016-03-27 21:47:47.893000,1.11676,1.11617,1000000,1000000
2016-03-27 21:47:51.499000,1.11676,1.11616,1000000,1000000
2016-03-27 21:47:52.062000,1.11676,1.11617,1000000,1000000
2016-03-27 21:47:56.625000,1.11676,1.11616,1000000,1000000
2016-03-27 21:47:57.181000,1.11676,1.11617,1000000,1000000
2016-03-27 21:47:58.500000,1.11676,1.11616,1000000,1000000
2016-03-27 21:47:59.007000,1.11676,1.11617,1000000,1000000
2016-03-27 21:48:06.661000,1.11676,1.11616,1000000,1000000
2016-03-27 21:48:07.201000,1.11676,1.11617,1000000,1000000
2016-03-27 21:48:12.169000,1.11676,1.11616,1000000,1000000
2016-03-27 21:48:12.713000,1.11676,1.11617,1000000,1000000
2016-03-27 21:48:13.226000,1.11676,1.11616,1000000,1000000
2016-03-27 21:48:13.811000,1.11676,1.11617,1000000,1000000
2016-03-27 21:48:14.332000,1.11676,1.11616,1000000,1000000
2016-03-27 21:48:14.861000,1.11676,1.11617,1000000,1000000
2016-03-27 21:48:17.023000,1.11676,1.11616,1000000,1000000
2016-03-27 21:48:17.548000,1.11676,1.11617,1000000,1000000
2016-03-27 21:48:19.150000,1.11676,1.11616,1000000,1000000
2016-03-27 21:48:19.779000,1.11676,1.11617,1000000,1000000
2016-03-27 21:48:22.195000,1.11675,1.11617,1000000,1000000
2016-03-27 21:48:25.245000,1.11676,1.11617,1500000,1000000
2016-03-27 21:48:25.763000,1.11676,1.11618,1500000,1000000
2016-03-27 21:48:26.366000,1.11676,1.11617,1500000,1000000
2016-03-27 21:48:26.905000,1.11675,1.11618,1000000,1000000
2016-03-27 21:48:30.198000,1.11675,1.11617,1000000,1000000
2016-03-27 21:48:31.849000,1.11675,1.11616,1000000,1000000
2016-03-27 21:48:32.458000,1.11675,1.11617,1000000,1000000
2016-03-27 21:48:33.309000,1.11675,1.11616,1000000,1000000
2016-03-27 21:48:33.839000,1.11675,1.11617,1000000,1000000
2016-03-27 21:48:34.917000,1.11675,1.11616,1000000,1000000
2016-03-27 21:48:35.453000,1.11675,1.11617,1000000,1000000
2016-03-27 21:48:35.969000,1.11675,1.11618,1000000,1000000
2016-03-27 21:48:39.223000,1.11676,1.11618,1500000,1000000
2016-03-27 21:48:39.729000,1.11675,1.11618,1000000,1000000
2016-03-27 21:48:41.235000,1.11675,1.11617,1000000,1000000
2016-03-27 21:48:45.544000,1.11675,1.11616,1000000,1000000
2016-03-27 21:48:46.088000,1.11675,1.11617,1000000,1000000
2016-03-27 21:48:47.834000,1.11676,1.11617,1000000,1000000
2016-03-27 21:48:48.550000,1.11676,1.11616,1000000,1000000
2016-03-27 21:48:49.051000,1.11676,1.11617,1000000,1000000
2016-03-27 21:48:51.069000,1.11676,1.11616,1000000,1000000
2016-03-27 21:48:51.617000,1.11676,1.11617,1000000,1000000
2016-03-27 21:48:59.615000,1.11676,1.11616,1000000,1000000
2016-03-27 21:49:00.237000,1.11676,1.11617,1000000,1000000
2016-03-27 21:49:02.078000,1.11676,1.11616,1000000,1000000
2016-03-27 21:49:02.739000,1.11676,1.11617,1000000,1000000
2016-03-27 21:49:06.601000,1.11676,1.11616,1000000,1000000
2016-03-27 21:49:07.140000,1.11676,1.11617,1000000,1000000
2016-03-27 21:49:08.149000,1.11676,1.11616,1000000,1000000
2016-03-27 21:49:08.650000,1.11676,1.11617,1000000,1000000
2016-03-27 21:49:10.316000,1.11676,1.11616,1000000,1000000
2016-03-27 21:49:10.845000,1.11676,1.11617,1000000,1000000
2016-03-27 21:49:14.500000,1.11675,1.11617,1000000,1000000
2016-03-27 21:49:14.551000,1.11675,1.11617,1220000,1000000
2016-03-27 21:49:14.803000,1.11675,1.11617,1000000,1000000
2016-03-27 21:49:17.671000,1.11675,1.11616,1000000,1000000
2016-03-27 21:49:18.180000,1.11676,1.11616,1500000,1000000
2016-03-27 21:49:18.681000,1.11675,1.11616,1000000,1000000
2016-03-27 21:49:19.791000,1.11675,1.11615,1000000,1000000
2016-03-27 21:49:20.371000,1.11675,1.11616,1000000,1000000
2016-03-27 21:49:21.288000,1.11675,1.11615,1000000,1000000
2016-03-27 21:49:22.023000,1.11676,1.11616,1000000,1000000
2016-03-27 21:49:22.692000,1.11676,1.11615,1500000,1000000
2016-03-27 21:49:23.246000,1.11676,1.11616,1500000,1000000
2016-03-27 21:49:26.592000,1.11675,1.11616,1000000,1000000
2016-03-27 21:49:27.963000,1.11675,1.11615,1000000,1000000
2016-03-27 21:49:28.546000,1.11675,1.11616,1000000,1000000
2016-03-27 21:49:29.196000,1.11675,1.11615,1000000,1000000
2016-03-27 21:49:29.709000,1.11675,1.11616,1000000,1000000
2016-03-27 21:49:31.070000,1.11675,1.11615,1000000,1000000
2016-03-27 21:49:31.613000,1.11675,1.11616,1000000,1000000
2016-03-27 21:49:32.115000,1.11676,1.11616,1000000,1000000
2016-03-27 21:49:32.617000,1.11675,1.11616,1000000,1000000
2016-03-27 21:49:33.463000,1.11675,1.11619,1000000,1000000
2016-03-27 21:49:35.524000,1.11675,1.11618,1000000,1000000
2016-03-27 21:49:36.114000,1.11675,1.11619,1000000,1000000
2016-03-27 21:49:37.115000,1.11675,1.11618,1000000,1000000
2016-03-27 21:49:37.652000,1.11675,1.11619,1000000,1000000
2016-03-27 21:49:38.414000,1.11675,1.11621,1000000,1000000
2016-03-27 21:49:38.919000,1.11676,1.11621,1500000,1000000
2016-03-27 21:49:39.795000,1.11675,1.11621,1000000,1000000
2016-03-27 21:49:40.491000,1.11675,1.11620,1000000,1000000
2016-03-27 21:49:41.005000,1.11675,1.11621,1000000,1000000
2016-03-27 21:49:42.544000,1.11675,1.11620,1000000,1000000
2016-03-27 21:49:43.045000,1.11675,1.11621,1000000,1000000
2016-03-27 21:49:43.596000,1.11675,1.11620,1000000,1000000
2016-03-27 21:49:43.929000,1.11675,1.11622,1000000,1000000
2016-03-27 21:49:49.637000,1.11676,1.11622,1500000,1000000
2016-03-27 21:49:51.166000,1.11676,1.11621,1500000,1000000
2016-03-27 21:49:51.830000,1.11676,1.11622,1500000,1000000
2016-03-27 21:49:54.173000,1.11676,1.11621,1500000,1000000
2016-03-27 21:49:54.674000,1.11676,1.11622,1500000,1000000
2016-03-27 21:49:58.920000,1.11675,1.11622,1000000,1000000
2016-03-27 21:49:59.463000,1.11675,1.11621,1000000,1000000
2016-03-27 21:50:00.172000,1.11675,1.11622,1000000,1000000
2016-03-27 21:50:01.871000,1.11676,1.11622,2250000,1000000
2016-03-27 21:50:09.777000,1.11676,1.11621,2250000,1000000
2016-03-27 21:50:11.290000,1.11676,1.11622,2250000,1000000
2016-03-27 21:50:12.292000,1.11676,1.11621,2250000,1000000
2016-03-27 21:50:13.173000,1.11676,1.11622,2250000,1000000
2016-03-27 21:50:16,1.11676,1.11621,2250000,1000000
2016-03-27 21:50:16.788000,1.11676,1.11622,2250000,1000000
2016-03-27 21:50:18.957000,1.11675,1.11630,1000000,1000000
2016-03-27 21:50:19.308000,1.11675,1.11632,1000000,1000000
2016-03-27 21:50:21.684000,1.11676,1.11632,1000000,1000000
2016-03-27 21:50:22.511000,1.11676,1.11634,1500000,1220000
2016-03-27 21:50:22.814000,1.11676,1.11635,3750000,1370000
2016-03-27 21:50:23.351000,1.11675,1.11637,1000000,1300000
2016-03-27 21:50:23.916000,1.11675,1.11637,1000000,1220000
2016-03-27 21:50:25.056000,1.11676,1.11637,3750000,1220000
2016-03-27 21:50:26.516000,1.11675,1.11637,1000000,1220000
2016-03-27 21:50:28.481000,1.11675,1.11637,1000000,1300000
2016-03-27 21:50:29.077000,1.11675,1.11637,1500000,1220000
2016-03-27 21:50:29.589000,1.11675,1.11639,3000000,1000000
2016-03-27 21:50:33.488000,1.11674,1.11637,1000000,1420000
2016-03-27 21:50:33.539000,1.11674,1.11636,1000000,1220000
2016-03-27 21:50:34.719000,1.11674,1.11636,1000000,1000000
2016-03-27 21:50:38.078000,1.11667,1.11636,1000000,1000000
2016-03-27 21:50:38.629000,1.11667,1.11635,1000000,1000000
2016-03-27 21:50:43.479000,1.11669,1.11635,2250000,1300000
2016-03-27 21:50:43.745000,1.11669,1.11639,1500000,1500000
2016-03-27 21:50:44.041000,1.11675,1.11642,2550000,1270000
2016-03-27 21:50:44.330000,1.11675,1.11640,1800000,1000000
2016-03-27 21:50:44.432000,1.11675,1.11637,3300000,1220000
2016-03-27 21:50:45.847000,1.11675,1.11637,3300000,1300000
2016-03-27 21:50:46.437000,1.11675,1.11637,3300000,1220000
2016-03-27 21:50:46.949000,1.11675,1.11637,3300000,1300000
2016-03-27 21:50:47.500000,1.11675,1.11637,3300000,1720000
2016-03-27 21:50:48.206000,1.11675,1.11637,3300000,2850000
2016-03-27 21:50:50.945000,1.11675,1.11638,3300000,2100000
2016-03-27 21:50:51.548000,1.11674,1.11639,1350000,1350000
2016-03-27 21:50:51.660000,1.11662,1.11638,1000000,1600000
2016-03-27 21:50:51.963000,1.11659,1.11632,1000000,1000000
2016-03-27 21:50:52.191000,1.11659,1.11629,2250000,1000000
2016-03-27 21:50:52.254000,1.11657,1.11621,1000000,1000000
2016-03-27 21:50:52.355000,1.11657,1.11615,1000000,1000000
2016-03-27 21:50:53.061000,1.11657,1.11616,1250000,1000000
2016-03-27 21:50:59.250000,1.11657,1.11610,1250000,1000000
2016-03-27 21:50:59.796000,1.11658,1.11609,1690000,1000000
2016-03-27 21:51:00.332000,1.11658,1.11610,2440000,1000000
2016-03-27 21:51:02.928000,1.11657,1.11608,1250000,1000000
2016-03-27 21:51:04.928000,1.11657,1.11607,1250000,1000000
2016-03-27 21:51:05.439000,1.11657,1.11608,1250000,1000000
2016-03-27 21:51:05.977000,1.11657,1.11607,1250000,1000000
2016-03-27 21:51:06.494000,1.11657,1.11608,1250000,1000000
2016-03-27 21:51:07.098000,1.11657,1.11607,1250000,1000000
2016-03-27 21:51:07.634000,1.11657,1.11608,1250000,1000000
2016-03-27 21:51:08.750000,1.11658,1.11607,3190000,1000000
2016-03-27 21:51:13.060000,1.11658,1.11606,2440000,1000000
2016-03-27 21:51:13.715000,1.11658,1.11607,3190000,1000000
2016-03-27 21:51:15.344000,1.11657,1.11606,1250000,1000000
2016-03-27 21:51:15.851000,1.11657,1.11607,1250000,1000000
2016-03-27 21:51:19.673000,1.11657,1.11606,1250000,1000000
2016-03-27 21:51:20.296000,1.11657,1.11607,1250000,1000000
2016-03-27 21:51:21.376000,1.11657,1.11606,1250000,1000000
2016-03-27 21:51:21.927000,1.11657,1.11607,1250000,1000000
2016-03-27 21:51:22.480000,1.11657,1.11607,1190000,1000000
2016-03-27 21:51:23.380000,1.11657,1.11606,1190000,1000000
2016-03-27 21:51:23.931000,1.11657,1.11607,1190000,1000000
2016-03-27 21:51:29.454000,1.11657,1.11606,1190000,1000000
2016-03-27 21:51:29.958000,1.11657,1.11607,1190000,1000000
2016-03-27 21:51:30.462000,1.11657,1.11606,1190000,1000000
2016-03-27 21:51:31.297000,1.11657,1.11607,1190000,1000000
2016-03-27 21:51:36.608000,1.11658,1.11606,2440000,1000000
2016-03-27 21:51:37.109000,1.11658,1.11607,3190000,1000000
2016-03-27 21:51:37.618000,1.11657,1.11606,1190000,1000000
2016-03-27 21:51:39.013000,1.11657,1.11605,1190000,1000000
2016-03-27 21:51:39.514000,1.11657,1.11606,1190000,1000000
2016-03-27 21:51:41.018000,1.11657,1.11605,1190000,1000000
2016-03-27 21:51:41.585000,1.11657,1.11606,1190000,1000000
2016-03-27 21:51:44.655000,1.11657,1.11606,1190000,1000000
2016-03-27 21:51:49.647000,1.11657,1.11605,1190000,1250000
2016-03-27 21:51:50.148000,1.11657,1.11606,1190000,1000000
2016-03-27 21:51:52.653000,1.11657,1.11605,1190000,1250000
2016-03-27 21:51:53.154000,1.11657,1.11606,1190000,1000000
2016-03-27 21:51:54.156000,1.11657,1.11605,1190000,1250000
2016-03-27 21:51:54.657000,1.11657,1.11606,1190000,1000000
2016-03-27 21:51:59.081000,1.11658,1.11605,1190000,1250000
2016-03-27 21:51:59.616000,1.11658,1.11606,1690000,1000000
2016-03-27 21:52:01.297000,1.11658,1.11605,1190000,1250000
2016-03-27 21:52:01.986000,1.11658,1.11606,1690000,1000000
2016-03-27 21:52:03.220000,1.11658,1.11607,1690000,1000000
2016-03-27 21:52:04.732000,1.11658,1.11606,1190000,1000000
2016-03-27 21:52:05.234000,1.11657,1.11607,1190000,1000000
2016-03-27 21:52:06.581000,1.11657,1.11607,1190000,1000000
2016-03-27 21:52:08.685000,1.11659,1.11606,2440000,1000000
2016-03-27 21:52:09.687000,1.11659,1.11607,3190000,1000000
2016-03-27 21:52:10.689000,1.11659,1.11606,2440000,1000000
2016-03-27 21:52:11.190000,1.11659,1.11607,3190000,1000000
2016-03-27 21:52:12.292000,1.11659,1.11608,3190000,1000000
2016-03-27 21:52:12.593000,1.11659,1.11612,3190000,1190000
2016-03-27 21:52:13.412000,1.11660,1.11612,3190000,1190000
2016-03-27 21:52:27.333000,1.11659,1.11612,1000000,1690000
2016-03-27 21:52:27.933000,1.11659,1.11613,1190000,1000000
2016-03-27 21:52:32.694000,1.11659,1.11613,1190000,1000000
2016-03-27 21:52:33.725000,1.11660,1.11613,2440000,1000000
2016-03-27 21:52:34.396000,1.11660,1.11613,3190000,1000000
2016-03-27 21:52:42.515000,1.11659,1.11613,1190000,1000000
2016-03-27 21:52:44.620000,1.11659,1.11613,1190000,1000000
2016-03-27 21:52:46.624000,1.11660,1.11613,1190000,1000000
2016-03-27 21:52:58.069000,1.11661,1.11612,3190000,1250000
2016-03-27 21:53:21.453000,1.11661,1.11608,2440000,1000000
2016-03-27 21:53:22.009000,1.11665,1.11608,2440000,1190000
2016-03-27 21:53:26.578000,1.11666,1.11611,1190000,1250000
2016-03-27 21:53:26.680000,1.11670,1.11611,1690000,1190000
2016-03-27 21:53:27.200000,1.11670,1.11611,1690000,1190000
2016-03-27 21:53:47.835000,1.11670,1.11614,1190000,1000000
2016-03-27 21:53:51.414000,1.11670,1.11613,1190000,940000
2016-03-27 21:53:51.937000,1.11670,1.11614,1190000,1000000
2016-03-27 21:53:52.620000,1.11661,1.11613,190000,940000
2016-03-27 21:53:53.116000,1.11631,1.11613,370000,750000
2016-03-27 21:53:53.167000,1.11626,1.11603,750000,1370000
2016-03-27 21:53:53.319000,1.11624,1.11602,1370000,2250000
2016-03-27 21:53:56.536000,1.11624,1.11602,1750000,3000000
2016-03-27 21:53:57.041000,1.11631,1.11602,1950000,3000000
2016-03-27 21:53:57.311000,1.11624,1.11604,450000,1000000
2016-03-27 21:53:58.147000,1.11622,1.11602,450000,3000000
2016-03-27 21:54:05.172000,1.11622,1.11604,450000,1000000
2016-03-27 21:54:05.752000,1.11622,1.11603,450000,1000000
2016-03-27 21:54:06.299000,1.11622,1.11604,450000,1000000
2016-03-27 21:54:09.177000,1.11622,1.11604,450000,1000000
2016-03-27 21:54:09.883000,1.11622,1.11604,450000,1500000
2016-03-27 21:54:12.614000,1.11622,1.11604,450000,1000000
2016-03-27 21:54:13.116000,1.11622,1.11604,450000,1000000
2016-03-27 21:54:14.981000,1.11622,1.11604,450000,1000000
2016-03-27 21:54:15.521000,1.11622,1.11604,450000,1750000
2016-03-27 21:54:19.115000,1.11623,1.11607,450000,1370000
2016-03-27 21:54:19.643000,1.11623,1.11607,450000,1370000
2016-03-27 21:54:20.926000,1.11623,1.11607,450000,1370000
2016-03-27 21:54:21.432000,1.11623,1.11607,450000,1370000
2016-03-27 21:54:29.014000,1.11623,1.11607,450000,1500000
2016-03-27 21:54:29.522000,1.11622,1.11606,450000,3750000
2016-03-27 21:54:32.334000,1.11625,1.11607,210000,1370000
2016-03-27 21:54:32.875000,1.11625,1.11607,210000,1370000
2016-03-27 21:54:33.727000,1.11625,1.11607,210000,1370000
2016-03-27 21:54:34.314000,1.11625,1.11607,210000,1370000
2016-03-27 21:54:37.318000,1.11625,1.11607,210000,4500000
2016-03-27 21:54:38.339000,1.11625,1.11620,210000,1000000
2016-03-27 21:54:38.391000,1.11642,1.11623,1500000,1370000
2016-03-27 21:54:38.442000,1.11647,1.11623,1500000,1370000
2016-03-27 21:54:38.544000,1.11656,1.11623,1500000,1870000
2016-03-27 21:54:38.645000,1.11658,1.11623,1500000,1370000
2016-03-27 21:54:38.747000,1.11661,1.11623,1500000,1370000
2016-03-27 21:54:38.848000,1.11665,1.11623,2320000,1870000
2016-03-27 21:54:40.075000,1.11665,1.11627,1070000,1750000
2016-03-27 21:54:40.847000,1.11667,1.11632,2620000,1120000
2016-03-27 21:55:30.743000,1.11668,1.11629,1870000,1000000
2016-03-27 21:55:34.322000,1.11667,1.11628,1870000,1000000
2016-03-27 21:55:34.877000,1.11667,1.11629,2620000,1000000
2016-03-27 21:55:35.478000,1.11667,1.11628,1870000,1000000
2016-03-27 21:55:35.693000,1.11667,1.11626,2620000,1000000
2016-03-27 21:55:36.488000,1.11667,1.11625,1870000,1000000
2016-03-27 21:55:37.007000,1.11667,1.11626,2620000,1000000
2016-03-27 21:55:38.994000,1.11668,1.11625,3560000,1000000
2016-03-27 21:55:39.598000,1.11667,1.11626,1120000,1000000
2016-03-27 21:55:42.400000,1.11668,1.11625,3560000,1000000
2016-03-27 21:55:42.949000,1.11667,1.11626,1120000,1000000
2016-03-27 21:55:43.509000,1.11668,1.11625,3560000,1000000
2016-03-27 21:55:44.016000,1.11667,1.11626,1120000,1000000
2016-03-27 21:55:44.566000,1.11667,1.11626,1370000,1000000
2016-03-27 21:55:46.539000,1.11667,1.11625,1370000,1000000
2016-03-27 21:55:48.013000,1.11667,1.11624,1620000,1000000
2016-03-27 21:55:48.544000,1.11667,1.11625,1370000,1000000
2016-03-27 21:55:49.630000,1.11667,1.11624,1560000,1250000
2016-03-27 21:55:50.419000,1.11667,1.11625,1560000,1000000
2016-03-27 21:55:54.126000,1.11667,1.11624,2060000,1000000
2016-03-27 21:55:54.723000,1.11667,1.11625,2810000,1000000
2016-03-27 21:55:55.859000,1.11667,1.11624,2060000,1000000
2016-03-27 21:55:56.370000,1.11667,1.11625,2060000,1000000
2016-03-27 21:55:59.344000,1.11667,1.11622,1560000,1000000
2016-03-27 21:55:59.917000,1.11667,1.11622,1560000,1000000
2016-03-27 21:56:01.315000,1.11667,1.11622,1560000,1000000
2016-03-27 21:56:02.523000,1.11667,1.11622,1560000,1000000
2016-03-27 21:56:02.871000,1.11668,1.11622,3560000,1000000
2016-03-27 21:56:04.662000,1.11667,1.11620,1560000,1000000
2016-03-27 21:56:06.789000,1.11668,1.11619,2810000,1250000
2016-03-27 21:56:07.309000,1.11668,1.11620,3560000,1000000
2016-03-27 21:56:08.979000,1.11668,1.11627,3560000,1000000
2016-03-27 21:56:09.283000,1.11668,1.11635,2620000,1070000
2016-03-27 21:56:10.681000,1.11668,1.11635,1870000,1000000
2016-03-27 21:56:10.784000,1.11667,1.11631,1370000,1000000
2016-03-27 21:56:10.835000,1.11668,1.11627,4310000,1000000
2016-03-27 21:56:11.516000,1.11667,1.11626,2810000,1000000
2016-03-27 21:56:12.401000,1.11667,1.11627,3560000,1000000
2016-03-27 21:56:14.289000,1.11667,1.11625,3560000,1000000
2016-03-27 21:56:16.236000,1.11667,1.11624,2060000,1200000
2016-03-27 21:56:16.742000,1.11667,1.11625,2810000,1000000
2016-03-27 21:56:17.609000,1.11667,1.11624,2060000,1200000
2016-03-27 21:56:18.175000,1.11667,1.11625,2810000,1000000
2016-03-27 21:56:20.989000,1.11667,1.11626,1560000,1000000
2016-03-27 21:56:21.573000,1.11667,1.11626,1560000,1750000
2016-03-27 21:56:40.732000,1.11668,1.11630,3560000,1000000
2016-03-27 21:56:41.278000,1.11668,1.11629,2060000,1000000
2016-03-27 21:56:41.896000,1.11668,1.11630,2810000,1000000
2016-03-27 21:56:44.410000,1.11668,1.11629,2060000,1000000
2016-03-27 21:56:44.956000,1.11668,1.11630,2810000,1000000
2016-03-27 21:56:46.522000,1.11668,1.11625,2810000,1000000
2016-03-27 21:56:49.540000,1.11668,1.11624,2060000,1200000
2016-03-27 21:56:50.081000,1.11668,1.11625,2810000,1000000
2016-03-27 21:56:52.355000,1.11668,1.11624,2060000,1100000
2016-03-27 21:56:52.859000,1.11668,1.11625,2810000,1000000
2016-03-27 21:56:56.729000,1.11668,1.11628,2810000,1370000
2016-03-27 21:57:08.220000,1.11668,1.11630,2810000,1000000
2016-03-27 21:57:08.374000,1.11668,1.11624,2810000,1000000
2016-03-27 21:57:08.431000,1.11668,1.11624,3560000,1000000
2016-03-27 21:57:10.362000,1.11668,1.11623,2810000,1000000
2016-03-27 21:57:10.886000,1.11668,1.11624,3560000,1000000
2016-03-27 21:57:11.518000,1.11667,1.11624,2060000,1370000
2016-03-27 21:57:11.568000,1.11667,1.11624,2060000,1620000
2016-03-27 21:57:25.486000,1.11667,1.11627,2060000,1070000
2016-03-27 21:57:26.035000,1.11667,1.11627,1560000,1000000
2016-03-27 21:57:26.559000,1.11668,1.11626,2810000,1000000
2016-03-27 21:57:27.082000,1.11668,1.11627,2810000,1000000
2016-03-27 21:57:27.759000,1.11668,1.11627,2810000,1000000
2016-03-27 21:57:28.598000,1.11668,1.11627,2810000,1000000
2016-03-27 21:57:29.011000,1.11668,1.11625,2810000,1000000
2016-03-27 21:57:29.513000,1.11668,1.11625,2810000,1000000
2016-03-27 21:57:30.470000,1.11668,1.11625,2810000,1000000
2016-03-27 21:57:31.326000,1.11668,1.11624,2060000,1250000
2016-03-27 21:57:31.845000,1.11668,1.11624,2060000,1000000
2016-03-27 21:57:32.383000,1.11668,1.11625,2810000,1000000
2016-03-27 21:57:32.926000,1.11668,1.11625,2810000,1000000
2016-03-27 21:57:42.576000,1.11668,1.11624,2810000,1250000
2016-03-27 21:57:43.097000,1.11668,1.11625,3560000,1000000
2016-03-27 21:57:43.821000,1.11668,1.11624,2810000,1250000
2016-03-27 21:57:44.506000,1.11668,1.11625,3560000,1000000
2016-03-27 21:57:49.057000,1.11668,1.11625,3560000,1250000
2016-03-27 21:57:49.569000,1.11668,1.11625,3560000,1190000
2016-03-27 21:57:50.347000,1.11668,1.11625,3560000,1250000
2016-03-27 21:58:16.460000,1.11667,1.11624,1310000,1190000
2016-03-27 21:58:17.569000,1.11667,1.11624,1310000,1190000
2016-03-27 21:58:18.077000,1.11668,1.11624,2810000,1190000
2016-03-27 21:58:19.638000,1.11667,1.11624,1310000,1190000
2016-03-27 21:58:21.359000,1.11668,1.11624,3560000,1000000
2016-03-27 21:58:21.512000,1.11667,1.11622,1310000,1250000
2016-03-27 21:58:26.683000,1.11668,1.11619,2810000,2060000
2016-03-27 21:58:50.720000,1.11668,1.11619,2810000,1190000
2016-03-27 21:58:57.096000,1.11668,1.11619,3560000,1190000
2016-03-27 21:58:57.198000,1.11668,1.11619,3560000,1310000
2016-03-27 21:58:57.501000,1.11668,1.11623,2060000,1870000
2016-03-27 21:58:57.653000,1.11668,1.11618,2810000,2440000
2016-03-27 21:58:58.294000,1.11668,1.11625,2060000,1000000
2016-03-27 21:58:58.645000,1.11669,1.11632,2810000,1120000
2016-03-27 21:59:15.332000,1.11663,1.11637,100000,100000
2016-03-27 21:59:25.555000,1.11663,1.11634,100000,100000
2016-03-27 21:59:27.302000,1.11663,1.11636,100000,100000
2016-03-27 21:59:28.414000,1.11663,1.11634,100000,100000
2016-03-27 21:59:34.759000,1.11663,1.11631,1010000,100000
2016-03-27 21:59:40.468000,1.11663,1.11632,820000,750000
2016-03-27 21:59:52.759000,1.11663,1.11631,820000,100000
2016-03-27 21:59:52.810000,1.11663,1.11635,260000,100000
2016-03-27 21:59:56.569000,1.11663,1.11632,820000,100000
2016-03-27 21:59:57.079000,1.11662,1.11632,190000,100000
2016-03-27 22:00:00.185000,1.11659,1.11634,1500000,100000
2016-03-27 22:00:00.490000,1.11634,1.11625,1500000,750000
2016-03-27 22:00:00.591000,1.11633,1.11621,1500000,750000
2016-03-27 22:00:00.894000,1.11631,1.11620,1500000,750000
2016-03-27 22:00:00.996000,1.11635,1.11615,1500000,100000
2016-03-27 22:00:01.097000,1.11638,1.11615,2250000,100000
2016-03-27 22:00:01.260000,1.11642,1.11615,1500000,100000
2016-03-27 22:00:01.362000,1.11640,1.11615,750000,100000
2016-03-27 22:00:01.695000,1.11638,1.11615,750000,100000
2016-03-27 22:00:03.909000,1.11634,1.11615,1500000,100000
2016-03-27 22:00:04.011000,1.11637,1.11617,1500000,1500000
2016-03-27 22:00:04.112000,1.11641,1.11621,1500000,1500000
2016-03-27 22:00:04.416000,1.11645,1.11628,370000,1500000
2016-03-27 22:00:04.718000,1.11647,1.11628,370000,1500000
2016-03-27 22:00:05.212000,1.11649,1.11629,2250000,1500000
2016-03-27 22:00:05.314000,1.11650,1.11632,750000,1500000
2016-03-27 22:00:05.365000,1.11652,1.11632,1500000,1500000
2016-03-27 22:00:07.050000,1.11644,1.11632,1500000,1500000
2016-03-27 22:00:07.152000,1.11640,1.11623,1500000,1500000
2016-03-27 22:00:07.209000,1.11639,1.11619,750000,820000
2016-03-27 22:00:07.411000,1.11637,1.11619,750000,100000
2016-03-27 22:00:13.136000,1.11635,1.11619,750000,100000
2016-03-27 22:00:15.190000,1.11633,1.11619,750000,100000
2016-03-27 22:00:15.500000,1.11629,1.11619,750000,100000
2016-03-27 22:00:15.602000,1.11632,1.11619,1500000,100000
2016-03-27 22:00:15.754000,1.11630,1.11619,840000,100000
2016-03-27 22:00:18.456000,1.11631,1.11619,750000,100000
2016-03-27 22:00:18.507000,1.11633,1.11619,1500000,100000
2016-03-27 22:00:19.046000,1.11634,1.11619,1500000,100000
2016-03-27 22:00:26.036000,1.11635,1.11619,2340000,100000
2016-03-27 22:00:28.541000,1.11633,1.11619,1500000,100000
2016-03-27 22:00:28.844000,1.11630,1.11627,470000,100000
2016-03-27 22:00:29.147000,1.11631,1.11630,470000,100000
2016-03-27 22:00:29.790000,1.11630,1.11629,660000,100000
2016-03-27 22:00:30.461000,1.11633,1.11632,660000,100000
2016-03-27 22:00:30.624000,1.11636,1.11632,2250000,100000
2016-03-27 22:00:30.726000,1.11640,1.11632,750000,100000
2016-03-27 22:00:30.777000,1.11643,1.11632,1500000,100000
2016-03-27 22:00:30.828000,1.11640,1.11632,660000,100000
2016-03-27 22:00:31.158000,1.11640,1.11635,660000,100000
2016-03-27 22:00:31.465000,1.11636,1.11635,660000,100000
2016-03-27 22:00:31.566000,1.11632,1.11631,660000,750000
2016-03-27 22:00:31.617000,1.11637,1.11631,750000,750000
2016-03-27 22:00:31.685000,1.11640,1.11632,660000,750000
2016-03-27 22:00:32.032000,1.11630,1.11629,660000,100000
2016-03-27 22:00:32.336000,1.11631,1.11630,660000,750000
2016-03-27 22:00:32.640000,1.11631,1.11629,660000,100000
2016-03-27 22:00:32.843000,1.11635,1.11634,660000,750000
2016-03-27 22:00:32.894000,1.11640,1.11634,1500000,750000
2016-03-27 22:00:32.945000,1.11640,1.11632,1500000,750000
2016-03-27 22:00:32.996000,1.11633,1.11632,750000,820000
2016-03-27 22:00:33.400000,1.11639,1.11631,1500000,750000
2016-03-27 22:00:33.451000,1.11640,1.11634,750000,750000
2016-03-27 22:00:33.553000,1.11647,1.11634,1500000,750000
2016-03-27 22:00:33.655000,1.11647,1.11630,1500000,1200000
2016-03-27 22:00:33.706000,1.11630,1.11629,750000,3070000
2016-03-27 22:00:34.043000,1.11633,1.11632,660000,750000
2016-03-27 22:00:34.145000,1.11630,1.11629,660000,3070000
2016-03-27 22:00:34.196000,1.11636,1.11630,840000,100000
2016-03-27 22:00:34.701000,1.11635,1.11630,840000,100000
2016-03-27 22:00:34.752000,1.11635,1.11633,840000,100000
2016-03-27 22:00:35.375000,1.11636,1.11635,840000,100000
2016-03-27 22:00:35.763000,1.11636,1.11635,660000,100000
2016-03-27 22:00:36.219000,1.11635,1.11634,470000,100000
2016-03-27 22:00:36.380000,1.11635,1.11634,470000,370000
2016-03-27 22:00:36.684000,1.11634,1.11633,1030000,750000
2016-03-27 22:00:36.736000,1.11635,1.11634,470000,370000
2016-03-27 22:00:36.939000,1.11635,1.11634,470000,300000
2016-03-27 22:00:36.989000,1.11633,1.11632,370000,1050000
2016-03-27 22:00:37.356000,1.11641,1.11635,940000,750000
2016-03-27 22:00:37.559000,1.11638,1.11634,750000,670000
2016-03-27 22:00:37.610000,1.11640,1.11634,560000,300000
2016-03-27 22:00:37.813000,1.11640,1.11637,560000,100000
2016-03-27 22:00:38.167000,1.11640,1.11635,560000,100000
2016-03-27 22:00:39.405000,1.11641,1.11635,940000,100000
2016-03-27 22:00:39.944000,1.11640,1.11634,560000,100000
2016-03-27 22:00:40.248000,1.11641,1.11632,1690000,100000
2016-03-27 22:00:40.552000,1.11641,1.11634,940000,100000
2016-03-27 22:00:40.758000,1.11640,1.11632,560000,100000
2016-03-27 22:00:41.011000,1.11635,1.11632,470000,100000
2016-03-27 22:00:41.315000,1.11635,1.11634,470000,100000
2016-03-27 22:00:41.468000,1.11651,1.11634,1500000,750000
2016-03-27 22:00:41.878000,1.11651,1.11632,1500000,1590000
2016-03-27 22:00:41.979000,1.11651,1.11635,1500000,750000
2016-03-27 22:00:42.081000,1.11653,1.11635,1500000,750000
2016-03-27 22:00:42.400000,1.11651,1.11633,1500000,5720000
2016-03-27 22:00:42.904000,1.11650,1.11633,750000,820000
2016-03-27 22:00:43.208000,1.11651,1.11635,1500000,750000
2016-03-27 22:00:43.511000,1.11637,1.11633,370000,1220000
2016-03-27 22:00:43.562000,1.11636,1.11631,560000,100000
2016-03-27 22:00:43.664000,1.11636,1.11633,370000,100000
2016-03-27 22:00:43.730000,1.11642,1.11633,1500000,100000
2016-03-27 22:00:43.781000,1.11646,1.11633,750000,100000
2016-03-27 22:00:43.832000,1.11649,1.11633,1500000,100000
2016-03-27 22:00:44.293000,1.11651,1.11636,2250000,100000
2016-03-27 22:00:44.546000,1.11651,1.11633,1500000,820000
2016-03-27 22:00:45.004000,1.11648,1.11634,1500000,100000
2016-03-27 22:00:45.105000,1.11651,1.11634,1500000,100000
2016-03-27 22:00:45.621000,1.11649,1.11634,750000,820000
2016-03-27 22:00:45.915000,1.11651,1.11634,1500000,820000
2016-03-27 22:00:46.168000,1.11648,1.11634,750000,100000
2016-03-27 22:00:46.320000,1.11650,1.11634,1500000,100000
2016-03-27 22:00:46.835000,1.11649,1.11634,1500000,820000
2016-03-27 22:00:46.988000,1.11651,1.11635,1500000,100000
2016-03-27 22:00:47.506000,1.11650,1.11634,2250000,820000
2016-03-27 22:00:48.038000,1.11650,1.11636,1500000,100000
2016-03-27 22:00:48.375000,1.11648,1.11636,750000,100000
2016-03-27 22:00:49.136000,1.11649,1.11636,1500000,100000
2016-03-27 22:00:49.679000,1.11648,1.11636,1500000,100000
2016-03-27 22:00:50.185000,1.11649,1.11636,750000,100000
2016-03-27 22:00:50.701000,1.11648,1.11636,1500000,100000
2016-03-27 22:00:51.234000,1.11649,1.11638,1500000,100000
2016-03-27 22:00:51.339000,1.11649,1.11636,1500000,100000
2016-03-27 22:00:51.784000,1.11649,1.11638,1500000,100000
2016-03-27 22:00:52.317000,1.11649,1.11635,1500000,100000
2016-03-27 22:00:52.640000,1.11649,1.11637,1500000,100000
2016-03-27 22:00:52.793000,1.11649,1.11633,1500000,100000
2016-03-27 22:00:53.137000,1.11649,1.11630,1500000,100000
2016-03-27 22:00:53.672000,1.11649,1.11629,1500000,1500000
2016-03-27 22:00:54.026000,1.11647,1.11627,1500000,1500000
2016-03-27 22:00:54.330000,1.11636,1.11625,750000,100000
2016-03-27 22:00:54.876000,1.11637,1.11624,1500000,100000
2016-03-27 22:00:54.927000,1.11641,1.11624,750000,900000
2016-03-27 22:00:54.978000,1.11638,1.11624,750000,900000
2016-03-27 22:00:55.434000,1.11643,1.11625,750000,1010000
2016-03-27 22:00:55.485000,1.11639,1.11625,750000,100000
2016-03-27 22:00:55.789000,1.11638,1.11630,750000,100000
2016-03-27 22:00:55.840000,1.11643,1.11630,1500000,100000
2016-03-27 22:00:55.893000,1.11638,1.11630,750000,100000
2016-03-27 22:00:56.045000,1.11642,1.11633,750000,100000
2016-03-27 22:00:56.096000,1.11644,1.11633,1500000,100000
2016-03-27 22:00:56.395000,1.11638,1.11633,750000,100000
2016-03-27 22:00:56.447000,1.11648,1.11636,1500000,100000
2016-03-27 22:00:56.549000,1.11651,1.11635,1500000,100000
2016-03-27 22:00:56.650000,1.11653,1.11635,1500000,100000
2016-03-27 22:00:56.853000,1.11653,1.11637,1500000,100000
2016-03-27 22:00:57.157000,1.11653,1.11634,1500000,100000
2016-03-27 22:00:57.267000,1.11652,1.11636,750000,100000
2016-03-27 22:00:57.571000,1.11650,1.11635,1500000,100000
2016-03-27 22:00:58.010000,1.11648,1.11633,750000,100000
2016-03-27 22:00:58.365000,1.11651,1.11633,1500000,100000
2016-03-27 22:00:58.720000,1.11649,1.11633,1500000,100000
2016-03-27 22:00:59.276000,1.11650,1.11633,750000,100000
2016-03-27 22:00:59.587000,1.11648,1.11632,1500000,820000
2016-03-27 22:00:59.928000,1.11649,1.11635,1500000,100000
2016-03-27 22:01:01.273000,1.11651,1.11635,1500000,100000
2016-03-27 22:01:01.733000,1.11649,1.11635,750000,100000
2016-03-27 22:01:02.695000,1.11649,1.11632,1500000,100000
2016-03-27 22:01:07.138000,1.11648,1.11632,1500000,100000
2016-03-27 22:01:07.189000,1.11646,1.11632,750000,100000
2016-03-27 22:01:11.536000,1.11633,1.11632,150000,100000
2016-03-27 22:01:11.790000,1.11628,1.11627,370000,100000
2016-03-27 22:01:11.841000,1.11636,1.11627,370000,100000
2016-03-27 22:01:11.943000,1.11640,1.11627,1500000,100000
2016-03-27 22:01:12.733000,1.11642,1.11627,1500000,100000
2016-03-27 22:01:13.100000,1.11642,1.11629,1500000,100000
2016-03-27 22:01:15.460000,1.11623,1.11622,1120000,3560000
2016-03-27 22:01:15.562000,1.11623,1.11622,1120000,820000
2016-03-27 22:01:15.674000,1.11625,1.11622,2250000,100000
2016-03-27 22:01:15.775000,1.11625,1.11619,2250000,750000
2016-03-27 22:01:15.827000,1.11634,1.11620,750000,750000
2016-03-27 22:01:15.891000,1.11633,1.11622,750000,750000
2016-03-27 22:01:16.215000,1.11633,1.11624,750000,100000
2016-03-27 22:01:16.275000,1.11641,1.11624,2250000,100000
2016-03-27 22:01:16.326000,1.11641,1.11626,750000,100000
2016-03-27 22:01:16.871000,1.11642,1.11626,1500000,100000
2016-03-27 22:01:23.019000,1.11642,1.11627,1500000,100000
2016-03-27 22:01:24.366000,1.11642,1.11626,1500000,100000
2016-03-27 22:01:24.675000,1.11642,1.11629,2020000,100000
2016-03-27 22:01:29.973000,1.11640,1.11629,1030000,100000
2016-03-27 22:01:30.176000,1.11640,1.11626,1030000,100000
2016-03-27 22:01:31.465000,1.11640,1.11627,1030000,110000
2016-03-27 22:01:35.981000,1.11640,1.11626,1030000,100000
2016-03-27 22:01:38.937000,1.11640,1.11627,750000,100000
2016-03-27 22:01:39.442000,1.11640,1.11626,750000,150000
2016-03-27 22:01:39.993000,1.11641,1.11626,750000,100000
2016-03-27 22:01:40.095000,1.11640,1.11628,750000,750000
2016-03-27 22:01:40.629000,1.11640,1.11629,750000,100000
2016-03-27 22:01:41.295000,1.11641,1.11629,1500000,100000
2016-03-27 22:01:41.826000,1.11640,1.11629,750000,100000
2016-03-27 22:01:43.706000,1.11640,1.11625,750000,820000
2016-03-27 22:01:44.080000,1.11640,1.11627,660000,110000
2016-03-27 22:01:48.124000,1.11640,1.11628,660000,100000
2016-03-27 22:01:49.319000,1.11641,1.11628,1030000,100000
2016-03-27 22:01:49.420000,1.11640,1.11626,660000,190000
2016-03-27 22:01:49.961000,1.11640,1.11625,660000,100000
2016-03-27 22:01:50.493000,1.11640,1.11626,660000,190000
2016-03-27 22:01:52.580000,1.11640,1.11628,560000,100000
2016-03-27 22:01:59.324000,1.11640,1.11630,560000,100000
2016-03-27 22:01:59.843000,1.11642,1.11631,520000,750000
2016-03-27 22:02:00.407000,1.11643,1.11632,520000,190000
2016-03-27 22:02:01.011000,1.11642,1.11632,520000,190000
2016-03-27 22:02:01.214000,1.11642,1.11627,520000,820000
2016-03-27 22:02:01.330000,1.11642,1.11631,520000,750000
2016-03-27 22:02:01.431000,1.11642,1.11627,520000,820000
2016-03-27 22:02:01.634000,1.11642,1.11631,520000,750000
2016-03-27 22:02:01.735000,1.11642,1.11629,520000,110000
2016-03-27 22:02:01.837000,1.11642,1.11627,520000,2320000
2016-03-27 22:02:01.938000,1.11642,1.11630,520000,190000
2016-03-27 22:02:02.241000,1.11642,1.11632,520000,970000
2016-03-27 22:02:02.343000,1.11642,1.11629,520000,1500000
2016-03-27 22:02:02.867000,1.11642,1.11628,520000,2250000
2016-03-27 22:02:02.969000,1.11642,1.11630,520000,100000
2016-03-27 22:02:03.070000,1.11642,1.11628,520000,2250000
2016-03-27 22:02:03.172000,1.11639,1.11629,1120000,750000
2016-03-27 22:02:03.476000,1.11631,1.11627,750000,100000
2016-03-27 22:02:03.527000,1.11633,1.11625,370000,750000
2016-03-27 22:02:03.578000,1.11642,1.11625,1270000,2250000
2016-03-27 22:02:03.629000,1.11642,1.11628,1270000,750000
2016-03-27 22:02:04.418000,1.11642,1.11630,520000,100000
2016-03-27 22:02:04.469000,1.11642,1.11628,520000,750000
2016-03-27 22:02:04.974000,1.11642,1.11627,520000,820000
2016-03-27 22:02:05.658000,1.11643,1.11627,520000,1570000
2016-03-27 22:02:06.188000,1.11642,1.11627,520000,2320000
2016-03-27 22:02:07.254000,1.11643,1.11627,520000,1570000
2016-03-27 22:02:07.763000,1.11642,1.11627,520000,1570000
2016-03-27 22:02:08.656000,1.11642,1.11630,520000,750000
2016-03-27 22:02:08.757000,1.11642,1.11628,520000,750000
2016-03-27 22:02:09.297000,1.11642,1.11627,520000,1570000
2016-03-27 22:02:09.996000,1.11642,1.11628,520000,750000
2016-03-27 22:02:10.511000,1.11643,1.11628,520000,750000
2016-03-27 22:02:11.169000,1.11642,1.11628,520000,750000
2016-03-27 22:02:11.822000,1.11642,1.11627,520000,1570000
2016-03-27 22:02:12.126000,1.11642,1.11630,520000,750000
2016-03-27 22:02:13.070000,1.11643,1.11630,430000,750000
2016-03-27 22:02:13.572000,1.11642,1.11630,430000,750000
2016-03-27 22:02:15.076000,1.11643,1.11630,430000,750000
2016-03-27 22:02:15.624000,1.11642,1.11630,430000,750000
2016-03-27 22:02:15.776000,1.11642,1.11628,430000,750000
2016-03-27 22:02:16.324000,1.11642,1.11627,430000,820000
2016-03-27 22:02:18.913000,1.11643,1.11627,430000,820000
2016-03-27 22:02:19.065000,1.11642,1.11629,430000,750000
2016-03-27 22:02:20.632000,1.11643,1.11629,430000,750000
2016-03-27 22:02:21.224000,1.11642,1.11629,430000,750000
2016-03-27 22:02:21.759000,1.11642,1.11627,430000,100000
2016-03-27 22:02:21.861000,1.11642,1.11625,430000,820000
2016-03-27 22:02:22.614000,1.11643,1.11625,1930000,750000
2016-03-27 22:02:22.766000,1.11642,1.11627,430000,750000
2016-03-27 22:02:23.489000,1.11640,1.11627,470000,750000
2016-03-27 22:02:24.615000,1.11641,1.11627,370000,750000
2016-03-27 22:02:24.948000,1.11643,1.11627,1930000,750000
2016-03-27 22:02:25.498000,1.11642,1.11627,430000,750000
2016-03-27 22:02:26.054000,1.11642,1.11626,430000,750000
2016-03-27 22:02:26.560000,1.11642,1.11625,430000,750000
2016-03-27 22:02:27.365000,1.11643,1.11625,1930000,750000
2016-03-27 22:02:27.868000,1.11642,1.11625,430000,750000
2016-03-27 22:02:28.172000,1.11642,1.11627,430000,750000
2016-03-27 22:02:29.688000,1.11642,1.11625,430000,750000
2016-03-27 22:02:30.695000,1.11642,1.11626,430000,750000
2016-03-27 22:02:31.252000,1.11642,1.11627,430000,750000
2016-03-27 22:02:31.893000,1.11642,1.11626,430000,750000
2016-03-27 22:02:32.406000,1.11642,1.11625,430000,820000
2016-03-27 22:02:33.087000,1.11643,1.11625,1930000,820000
2016-03-27 22:02:33.258000,1.11641,1.11627,370000,750000
2016-03-27 22:02:33.596000,1.11639,1.11630,1120000,750000
2016-03-27 22:02:34.001000,1.11638,1.11628,1120000,750000
2016-03-27 22:02:34.052000,1.11638,1.11626,1120000,750000
2016-03-27 22:02:34.563000,1.11638,1.11627,1120000,750000
2016-03-27 22:02:37.383000,1.11638,1.11626,1120000,1500000
2016-03-27 22:02:38.804000,1.11638,1.11627,1120000,750000
2016-03-27 22:02:39.580000,1.11638,1.11626,1120000,2250000
2016-03-27 22:02:47.300000,1.11638,1.11624,1120000,820000
2016-03-27 22:02:48.400000,1.11638,1.11626,1120000,1500000
2016-03-27 22:02:53.711000,1.11638,1.11624,1120000,820000
2016-03-27 22:02:54.355000,1.11638,1.11623,1120000,750000
2016-03-27 22:02:56.791000,1.11638,1.11622,1120000,2320000
2016-03-27 22:03:01.033000,1.11638,1.11624,2620000,100000
2016-03-27 22:03:01.372000,1.11633,1.11622,1870000,820000
2016-03-27 22:03:03.322000,1.11634,1.11623,3370000,100000
2016-03-27 22:03:04.546000,1.11633,1.11623,750000,1190000
2016-03-27 22:03:05.170000,1.11633,1.11622,1120000,1570000
2016-03-27 22:03:19.909000,1.11633,1.11623,1120000,100000
2016-03-27 22:03:20.415000,1.11633,1.11622,1120000,940000
2016-03-27 22:03:45.856000,1.11633,1.11623,1120000,750000
2016-03-27 22:03:49.353000,1.11633,1.11622,1120000,970000
2016-03-27 22:03:54.969000,1.11633,1.11624,1120000,750000
2016-03-27 22:03:56.628000,1.11633,1.11622,1120000,1720000
2016-03-27 22:03:58.609000,1.11633,1.11623,1120000,750000
2016-03-27 22:03:59.179000,1.11633,1.11622,1120000,970000
2016-03-27 22:04:00.032000,1.11635,1.11622,2620000,1720000
2016-03-27 22:04:00.557000,1.11635,1.11623,2060000,750000
2016-03-27 22:04:01.516000,1.11634,1.11623,100000,750000
2016-03-27 22:04:04.347000,1.11634,1.11622,1500000,1000000
2016-03-27 22:04:04.648000,1.11635,1.11620,2620000,1000000
2016-03-27 22:04:05.302000,1.11635,1.11620,2620000,1070000
2016-03-27 22:04:06.851000,1.11633,1.11619,1120000,1570000
2016-03-27 22:04:07.355000,1.11633,1.11623,1120000,1000000
2016-03-27 22:04:07.507000,1.11633,1.11619,1120000,1070000
2016-03-27 22:04:07.875000,1.11633,1.11619,1120000,1100000
2016-03-27 22:04:10.257000,1.11634,1.11619,1500000,1100000
2016-03-27 22:04:11.377000,1.11635,1.11619,1000000,1570000
2016-03-27 22:04:11.531000,1.11635,1.11619,1000000,2320000
2016-03-27 22:04:11.763000,1.11638,1.11619,1000000,2320000
2016-03-27 22:04:16.416000,1.11637,1.11621,1000000,1100000
2016-03-27 22:04:16.960000,1.11636,1.11621,1500000,1100000
2016-03-27 22:04:18.157000,1.11638,1.11621,1000000,1950000
2016-03-27 22:04:18.208000,1.11636,1.11619,1000000,2700000
2016-03-27 22:04:18.515000,1.11634,1.11620,1000000,1450000
2016-03-27 22:04:19.193000,1.11636,1.11620,1500000,1450000
2016-03-27 22:04:19.294000,1.11638,1.11620,1500000,1450000
2016-03-27 22:04:32.879000,1.11638,1.11620,2620000,1570000
2016-03-27 22:04:35.666000,1.11638,1.11621,4120000,1000000
2016-03-27 22:04:36.220000,1.11638,1.11619,4120000,1570000
2016-03-27 22:04:36.789000,1.11638,1.11623,4120000,1000000
2016-03-27 22:04:37.481000,1.11638,1.11619,4120000,1570000
2016-03-27 22:04:38.973000,1.11638,1.11621,3370000,1000000
2016-03-27 22:04:41.831000,1.11638,1.11620,1870000,1100000
2016-03-27 22:04:43.036000,1.11638,1.11621,1120000,1000000
2016-03-27 22:04:45.169000,1.11638,1.11621,1500000,1370000
2016-03-27 22:04:49.603000,1.11638,1.11622,1120000,1200000
2016-03-27 22:04:52.612000,1.11639,1.11622,2250000,1200000
2016-03-27 22:04:55.314000,1.11639,1.11621,2320000,1500000
2016-03-27 22:04:55.820000,1.11639,1.11621,2250000,1500000
2016-03-27 22:04:56.357000,1.11638,1.11620,1000000,1950000
2016-03-27 22:04:57.610000,1.11638,1.11622,1570000,1200000
2016-03-27 22:05:00.143000,1.11637,1.11622,1670000,1200000
2016-03-27 22:05:00.347000,1.11636,1.11620,3370000,1120000
2016-03-27 22:05:00.931000,1.11638,1.11620,3370000,3000000
2016-03-27 22:05:01.844000,1.11636,1.11620,1000000,2620000
2016-03-27 22:05:02.379000,1.11638,1.11620,4420000,2700000
2016-03-27 22:05:02.969000,1.11639,1.11621,1500000,1500000
2016-03-27 22:05:07.034000,1.11638,1.11620,1120000,4120000
2016-03-27 22:05:07.565000,1.11639,1.11620,1500000,3370000
2016-03-27 22:05:10.543000,1.11638,1.11622,1000000,1200000
2016-03-27 22:05:11.085000,1.11636,1.11627,1500000,1200000
2016-03-27 22:05:11.186000,1.11639,1.11627,1500000,1300000
2016-03-27 22:05:11.288000,1.11641,1.11627,1500000,1300000
2016-03-27 22:05:11.549000,1.11641,1.11623,1500000,1150000
2016-03-27 22:05:11.801000,1.11642,1.11626,2680000,1270000
2016-03-27 22:05:13.144000,1.11642,1.11623,3430000,1070000
2016-03-27 22:05:13.195000,1.11642,1.11627,3430000,1200000
2016-03-27 22:05:13.539000,1.11640,1.11627,1780000,1300000
2016-03-27 22:05:14.316000,1.11638,1.11627,1120000,1300000
2016-03-27 22:05:15.444000,1.11640,1.11627,1220000,1300000
2016-03-27 22:05:15.945000,1.11642,1.11627,1930000,1300000
2016-03-27 22:05:16.614000,1.11643,1.11627,2680000,1300000
2016-03-27 22:05:17.139000,1.11643,1.11627,2680000,1300000
2016-03-27 22:05:18.017000,1.11643,1.11627,1930000,1300000
2016-03-27 22:05:18.536000,1.11643,1.11627,2680000,1300000
2016-03-27 22:05:21.836000,1.11643,1.11627,1930000,1300000
2016-03-27 22:05:22.358000,1.11643,1.11627,1930000,1200000
2016-03-27 22:05:23.691000,1.11643,1.11623,1560000,3070000
2016-03-27 22:05:23.792000,1.11643,1.11623,1560000,2400000
2016-03-27 22:05:24.532000,1.11643,1.11623,1680000,3070000
2016-03-27 22:05:24.719000,1.11644,1.11625,2870000,1070000
2016-03-27 22:05:25.283000,1.11644,1.11628,3810000,1300000
2016-03-27 22:05:25.435000,1.11643,1.11623,1560000,1570000
2016-03-27 22:05:25.637000,1.11644,1.11628,3430000,1200000
2016-03-27 22:05:27.548000,1.11644,1.11628,3430000,1300000
2016-03-27 22:05:28.049000,1.11644,1.11628,3430000,1300000
2016-03-27 22:05:28.987000,1.11644,1.11628,1930000,1300000
2016-03-27 22:05:29.531000,1.11644,1.11628,1930000,1300000
2016-03-27 22:05:29.989000,1.11639,1.11628,1000000,1200000
2016-03-27 22:05:30.298000,1.11638,1.11628,1560000,1200000
2016-03-27 22:05:30.552000,1.11640,1.11626,2680000,1200000
2016-03-27 22:05:31.087000,1.11640,1.11626,2010000,1270000
2016-03-27 22:05:31.667000,1.11639,1.11626,1560000,1200000
2016-03-27 22:05:31.718000,1.11639,1.11624,1430000,1100000
2016-03-27 22:05:31.770000,1.11639,1.11627,1430000,1300000
2016-03-27 22:05:32.279000,1.11639,1.11627,1430000,1300000
2016-03-27 22:05:33.067000,1.11639,1.11627,1430000,1200000
2016-03-27 22:05:34.094000,1.11639,1.11627,1430000,2100000
2016-03-27 22:05:39.083000,1.11638,1.11627,1560000,2100000
2016-03-27 22:05:39.586000,1.11638,1.11627,1560000,2100000
2016-03-27 22:05:40.524000,1.11638,1.11627,1560000,2100000
2016-03-27 22:05:41.089000,1.11638,1.11627,1560000,2100000
2016-03-27 22:05:42.426000,1.11638,1.11627,1560000,2100000
2016-03-27 22:05:43.020000,1.11641,1.11627,3510000,1160000
2016-03-27 22:05:43.325000,1.11655,1.11635,3430000,3000000
2016-03-27 22:05:43.629000,1.11653,1.11636,1000000,1870000
2016-03-27 22:05:45.404000,1.11655,1.11644,3750000,2250000
2016-03-27 22:05:45.607000,1.11653,1.11644,1120000,2250000
2016-03-27 22:05:46.149000,1.11654,1.11644,1000000,1870000
2016-03-27 22:05:46.501000,1.11665,1.11652,1200000,2250000
2016-03-27 22:05:46.805000,1.11662,1.11661,1000000,1000000
2016-03-27 22:05:46.856000,1.11667,1.11665,1100000,1370000
2016-03-27 22:05:46.907000,1.11663,1.11660,3750000,1000000
2016-03-27 22:05:46.959000,1.11664,1.11656,1000000,1000000
2016-03-27 22:05:47.060000,1.11664,1.11649,1100000,3070000
2016-03-27 22:05:47.212000,1.11661,1.11649,1000000,1950000
2016-03-27 22:05:47.723000,1.11660,1.11649,1120000,2320000
2016-03-27 22:05:48.502000,1.11659,1.11650,1120000,1200000
2016-03-27 22:05:49.051000,1.11660,1.11651,2250000,1200000
2016-03-27 22:05:49.571000,1.11660,1.11649,1000000,2320000
2016-03-27 22:05:50.120000,1.11659,1.11652,1870000,1350000
2016-03-27 22:06:00.118000,1.11660,1.11645,7220000,1490000
2016-03-27 22:06:00.220000,1.11663,1.11647,1370000,2810000
2016-03-27 22:06:00.775000,1.11664,1.11649,1370000,1870000
2016-03-27 22:06:01.120000,1.11660,1.11648,1120000,1000000
2016-03-27 22:06:01.222000,1.11658,1.11642,1120000,1000000
2016-03-27 22:06:02.222000,1.11658,1.11641,1120000,3260000
2016-03-27 22:06:02.726000,1.11658,1.11642,1500000,3000000
2016-03-27 22:06:03.326000,1.11658,1.11642,1870000,2320000
2016-03-27 22:06:03.860000,1.11658,1.11642,2250000,3000000
2016-03-27 22:06:04.113000,1.11658,1.11652,1120000,1120000
2016-03-27 22:06:04.265000,1.11660,1.11656,7870000,1350000
2016-03-27 22:06:04.782000,1.11659,1.11656,1000000,1350000
2016-03-27 22:06:05.304000,1.11660,1.11656,8620000,1350000
2016-03-27 22:06:05.925000,1.11659,1.11656,1000000,1350000
2016-03-27 22:06:06.834000,1.11660,1.11656,8620000,1350000
2016-03-27 22:06:07.373000,1.11659,1.11656,1000000,1350000
2016-03-27 22:06:07.880000,1.11660,1.11656,8620000,1350000
2016-03-27 22:06:08.424000,1.11659,1.11656,1000000,1350000
2016-03-27 22:06:09.232000,1.11660,1.11656,8620000,1350000
2016-03-27 22:06:09.758000,1.11659,1.11656,1000000,1350000
2016-03-27 22:06:13.258000,1.11660,1.11646,1100000,1300000
2016-03-27 22:06:13.781000,1.11661,1.11646,2320000,1050000
2016-03-27 22:06:13.951000,1.11657,1.11646,1310000,1050000
2016-03-27 22:06:14.197000,1.11650,1.11634,2810000,1500000
2016-03-27 22:06:14.248000,1.11646,1.11633,1000000,1000000
2016-03-27 22:06:14.451000,1.11646,1.11630,1690000,1300000
2016-03-27 22:06:16.580000,1.11647,1.11630,2440000,1160000
2016-03-27 22:06:23.651000,1.11647,1.11630,2700000,1120000
2016-03-27 22:06:23.753000,1.11648,1.11630,2620000,1120000
2016-03-27 22:06:26.092000,1.11649,1.11630,1310000,2510000
2016-03-27 22:06:26.193000,1.11651,1.11632,1120000,1500000
2016-03-27 22:06:27.229000,1.11652,1.11633,2620000,1000000
2016-03-27 22:06:31.903000,1.11652,1.11634,2250000,1000000
2016-03-27 22:06:31.954000,1.11651,1.11636,1870000,1500000
2016-03-27 22:06:32.575000,1.11650,1.11636,1000000,1500000
2016-03-27 22:06:33.094000,1.11651,1.11636,2250000,1500000
2016-03-27 22:06:34.234000,1.11649,1.11636,1000000,1000000
2016-03-27 22:06:34.286000,1.11649,1.11634,1500000,1500000
2016-03-27 22:06:35.824000,1.11647,1.11634,1000000,1000000
2016-03-27 22:06:36.128000,1.11643,1.11632,1000000,1090000
2016-03-27 22:06:36.368000,1.11642,1.11628,1000000,1070000
2016-03-27 22:06:36.521000,1.11642,1.11627,1000000,1570000
2016-03-27 22:06:37.035000,1.11642,1.11628,1000000,1090000
2016-03-27 22:06:48.904000,1.11642,1.11629,1000000,1010000
2016-03-27 22:06:49.370000,1.11642,1.11627,1000000,1000000
2016-03-27 22:06:53.216000,1.11642,1.11630,1500000,1010000
2016-03-27 22:06:53.682000,1.11644,1.11630,1500000,1090000
2016-03-27 22:06:53.938000,1.11642,1.11629,1000000,1000000
2016-03-27 22:06:54.477000,1.11643,1.11630,1500000,1010000
2016-03-27 22:06:54.737000,1.11642,1.11628,1000000,1000000
2016-03-27 22:06:54.889000,1.11642,1.11627,1500000,1650000
2016-03-27 22:06:55.435000,1.11643,1.11630,1000000,1010000
2016-03-27 22:06:56.437000,1.11642,1.11628,1000000,1000000
2016-03-27 22:06:56.640000,1.11642,1.11630,1310000,1090000
2016-03-27 22:06:57.152000,1.11641,1.11630,1500000,1090000
2016-03-27 22:06:57.488000,1.11639,1.11630,1120000,1090000
2016-03-27 22:06:57.845000,1.11638,1.11625,1500000,1000000
2016-03-27 22:06:57.896000,1.11637,1.11625,1000000,1570000
2016-03-27 22:06:58.207000,1.11640,1.11630,1120000,1090000
2016-03-27 22:06:58.409000,1.11637,1.11624,1000000,1100000
2016-03-27 22:06:58.460000,1.11637,1.11629,1000000,1010000
2016-03-27 22:06:58.612000,1.11640,1.11629,2620000,1090000
2016-03-27 22:06:58.865000,1.11638,1.11624,1000000,1650000
2016-03-27 22:06:59.062000,1.11638,1.11622,1500000,1070000
2016-03-27 22:07:00.726000,1.11638,1.11626,2250000,1000000
2016-03-27 22:07:01.256000,1.11638,1.11626,2250000,1070000
2016-03-27 22:07:07.203000,1.11638,1.11626,2250000,1000000
2016-03-27 22:07:08.637000,1.11638,1.11624,2250000,1090000
2016-03-27 22:07:08.789000,1.11638,1.11622,3000000,1200000
2016-03-27 22:07:09.108000,1.11638,1.11623,2250000,1350000
2016-03-27 22:07:09.421000,1.11638,1.11627,2250000,1000000
2016-03-27 22:07:12.847000,1.11638,1.11627,2620000,1000000
2016-03-27 22:07:13.152000,1.11638,1.11624,4090000,1000000
2016-03-27 22:07:13.670000,1.11637,1.11625,1090000,1000000
2016-03-27 22:07:13.772000,1.11638,1.11623,3710000,6450000
2016-03-27 22:07:14.388000,1.11636,1.11626,1710000,1000000
2016-03-27 22:07:14.658000,1.11636,1.11623,1340000,6820000
2016-03-27 22:07:15.164000,1.11636,1.11624,1710000,1000000
2016-03-27 22:07:15.683000,1.11633,1.11623,1310000,3000000
2016-03-27 22:07:15.937000,1.11633,1.11625,1310000,1000000
2016-03-27 22:07:16.337000,1.11633,1.11623,1310000,3370000
2016-03-27 22:07:16.866000,1.11636,1.11625,1710000,1000000
2016-03-27 22:07:17.265000,1.11634,1.11623,1460000,3370000
2016-03-27 22:07:17.770000,1.11636,1.11625,1710000,1000000
2016-03-27 22:07:18.647000,1.11636,1.11624,1090000,1000000
2016-03-27 22:07:19.161000,1.11631,1.11626,1000000,1000000
2016-03-27 22:07:19.575000,1.11635,1.11623,1460000,2250000
2016-03-27 22:07:20.056000,1.11636,1.11626,1710000,1000000
2016-03-27 22:07:20.493000,1.11633,1.11623,1310000,2250000
2016-03-27 22:07:20.948000,1.11637,1.11626,1840000,1000000
2016-03-27 22:07:21.252000,1.11633,1.11623,1310000,5360000
2016-03-27 22:07:21.944000,1.11636,1.11626,1090000,1000000
2016-03-27 22:07:22.955000,1.11629,1.11626,1000000,1000000
2016-03-27 22:07:23.309000,1.11636,1.11626,1090000,1000000
2016-03-27 22:07:23.361000,1.11633,1.11623,1310000,2620000
2016-03-27 22:07:23.883000,1.11637,1.11625,1840000,1000000
2016-03-27 22:07:24.187000,1.11637,1.11623,1710000,2620000
2016-03-27 22:07:24.693000,1.11636,1.11624,1710000,1000000
2016-03-27 22:07:25.215000,1.11633,1.11623,1310000,3000000
2016-03-27 22:07:25.266000,1.11633,1.11625,1310000,1000000
2016-03-27 22:07:25.803000,1.11636,1.11625,1090000,1000000
2016-03-27 22:07:25.972000,1.11633,1.11623,1310000,2440000
2016-03-27 22:07:26.295000,1.11633,1.11625,1310000,1000000
2016-03-27 22:07:26.823000,1.11633,1.11626,1310000,1000000
2016-03-27 22:07:26.873000,1.11633,1.11623,1310000,3190000
2016-03-27 22:07:27.383000,1.11636,1.11626,1710000,1000000
2016-03-27 22:07:27.804000,1.11633,1.11624,1310000,1000000
2016-03-27 22:07:28.167000,1.11636,1.11627,1090000,1000000
2016-03-27 22:07:28.573000,1.11633,1.11624,1310000,1000000
2016-03-27 22:07:29.079000,1.11636,1.11626,1090000,1000000
2016-03-27 22:07:29.482000,1.11633,1.11624,1310000,1500000
2016-03-27 22:07:29.988000,1.11636,1.11627,1090000,1000000
2016-03-27 22:07:30.659000,1.11636,1.11624,1840000,1370000
2016-03-27 22:07:31.188000,1.11636,1.11625,1840000,1000000
2016-03-27 22:07:31.703000,1.11636,1.11626,1840000,1000000
2016-03-27 22:07:32.184000,1.11636,1.11624,1840000,1000000
2016-03-27 22:07:32.589000,1.11636,1.11626,1840000,1000000
2016-03-27 22:07:32.993000,1.11636,1.11624,1840000,1120000
2016-03-27 22:07:33.537000,1.11636,1.11625,1090000,1000000
2016-03-27 22:07:34.056000,1.11636,1.11624,1090000,1000000
2016-03-27 22:07:34.309000,1.11636,1.11627,1090000,1000000
2016-03-27 22:07:34.713000,1.11636,1.11624,1090000,1120000
2016-03-27 22:07:35.218000,1.11636,1.11627,1090000,1000000
2016-03-27 22:07:35.485000,1.11636,1.11624,1090000,1120000
2016-03-27 22:07:35.990000,1.11636,1.11626,1090000,1000000
2016-03-27 22:07:36.292000,1.11637,1.11628,1090000,1000000
2016-03-27 22:07:36.394000,1.11637,1.11625,1090000,1000000
2016-03-27 22:07:36.899000,1.11636,1.11627,1090000,1000000
2016-03-27 22:07:37.447000,1.11637,1.11624,1090000,1000000
2016-03-27 22:07:37.801000,1.11636,1.11628,1090000,1000000
2016-03-27 22:07:38.183000,1.11636,1.11624,1090000,1000000
2016-03-27 22:07:38.691000,1.11636,1.11627,1090000,1000000
2016-03-27 22:07:39.010000,1.11633,1.11624,1310000,1000000
2016-03-27 22:07:39.516000,1.11638,1.11627,2960000,1000000
2016-03-27 22:07:39.879000,1.11633,1.11624,1310000,1000000
2016-03-27 22:07:40.395000,1.11636,1.11625,1090000,1000000
2016-03-27 22:07:40.807000,1.11633,1.11623,1310000,6490000
2016-03-27 22:07:41.313000,1.11636,1.11627,1090000,1000000
2016-03-27 22:07:41.754000,1.11636,1.11624,1710000,1000000
2016-03-27 22:07:42.193000,1.11636,1.11627,1090000,1000000
2016-03-27 22:07:42.520000,1.11636,1.11623,1090000,6110000
2016-03-27 22:07:42.722000,1.11637,1.11625,1090000,1000000
2016-03-27 22:07:42.925000,1.11636,1.11623,1090000,2250000
2016-03-27 22:07:43.078000,1.11636,1.11623,1090000,3940000
2016-03-27 22:07:43.934000,1.11636,1.11626,1090000,1000000
2016-03-27 22:07:44.412000,1.11636,1.11624,1090000,1000000
2016-03-27 22:07:44.830000,1.11636,1.11626,1090000,1000000
2016-03-27 22:07:45.127000,1.11636,1.11624,1090000,1120000
2016-03-27 22:07:45.229000,1.11636,1.11627,1090000,1000000
2016-03-27 22:07:45.755000,1.11637,1.11628,1090000,1000000
2016-03-27 22:07:45.907000,1.11638,1.11628,2400000,1000000
2016-03-27 22:07:45.958000,1.11638,1.11628,3000000,1000000
2016-03-27 22:07:46.189000,1.11640,1.11627,2250000,1000000
2016-03-27 22:07:46.240000,1.11640,1.11629,1500000,1000000
2016-03-27 22:07:49.598000,1.11640,1.11628,1500000,1000000
2016-03-27 22:07:49.901000,1.11641,1.11632,1000000,1000000
2016-03-27 22:07:50.256000,1.11639,1.11626,1500000,1000000
2016-03-27 22:07:50.811000,1.11639,1.11627,1500000,1000000
2016-03-27 22:07:50.913000,1.11641,1.11631,1500000,1000000
2016-03-27 22:07:51.216000,1.11640,1.11628,1000000,1370000
2016-03-27 22:07:51.318000,1.11639,1.11627,1500000,1000000
2016-03-27 22:07:51.419000,1.11641,1.11630,1250000,1000000
2016-03-27 22:07:51.723000,1.11641,1.11627,1000000,1500000
2016-03-27 22:07:51.774000,1.11639,1.11626,1500000,1190000
2016-03-27 22:07:52.102000,1.11639,1.11630,1000000,1000000
2016-03-27 22:07:52.153000,1.11641,1.11630,1000000,1000000
2016-03-27 22:07:52.312000,1.11641,1.11627,1250000,1310000
2016-03-27 22:07:52.515000,1.11641,1.11630,1250000,1000000
2016-03-27 22:07:52.824000,1.11641,1.11627,1000000,2250000
2016-03-27 22:07:52.875000,1.11639,1.11627,1000000,1250000
2016-03-27 22:07:53.180000,1.11641,1.11630,1500000,1000000
2016-03-27 22:07:53.433000,1.11641,1.11626,1690000,3560000
2016-03-27 22:07:53.636000,1.11641,1.11630,1690000,1000000
2016-03-27 22:07:54.036000,1.11641,1.11626,1690000,2810000
2016-03-27 22:07:54.238000,1.11641,1.11630,1500000,1000000
2016-03-27 22:07:54.516000,1.11641,1.11627,2250000,1390000
2016-03-27 22:07:54.567000,1.11639,1.11627,1000000,1470000
2016-03-27 22:07:54.870000,1.11641,1.11630,1500000,1000000
2016-03-27 22:07:55.117000,1.11640,1.11626,1000000,2510000
2016-03-27 22:07:55.319000,1.11641,1.11630,1250000,1000000
2016-03-27 22:07:55.617000,1.11641,1.11626,1000000,1640000
2016-03-27 22:07:55.820000,1.11641,1.11630,1250000,1000000
2016-03-27 22:07:56.307000,1.11641,1.11627,1120000,1470000
2016-03-27 22:07:56.409000,1.11639,1.11630,1500000,1000000
2016-03-27 22:07:56.510000,1.11641,1.11630,1500000,1000000
2016-03-27 22:07:56.720000,1.11641,1.11627,1500000,1570000
2016-03-27 22:07:56.922000,1.11641,1.11630,1870000,1000000
2016-03-27 22:07:57.333000,1.11640,1.11627,1000000,1010000
2016-03-27 22:07:57.536000,1.11639,1.11630,1500000,1000000
2016-03-27 22:07:57.944000,1.11639,1.11627,1870000,1100000
2016-03-27 22:07:58.147000,1.11640,1.11630,2620000,1000000
2016-03-27 22:07:58.517000,1.11638,1.11625,1500000,1070000
2016-03-27 22:07:59.023000,1.11639,1.11626,3370000,1000000
2016-03-27 22:07:59.125000,1.11638,1.11629,1500000,1000000
2016-03-27 22:07:59.550000,1.11639,1.11627,3560000,1000000
2016-03-27 22:07:59.651000,1.11638,1.11630,1000000,1000000
2016-03-27 22:07:59.803000,1.11640,1.11630,1120000,1000000
2016-03-27 22:08:00.014000,1.11639,1.11627,1120000,1250000
2016-03-27 22:08:00.166000,1.11639,1.11625,1120000,2250000
2016-03-27 22:08:00.217000,1.11640,1.11630,2810000,1000000
2016-03-27 22:08:00.683000,1.11640,1.11625,2810000,2250000
2016-03-27 22:08:00.784000,1.11639,1.11627,1000000,1250000
2016-03-27 22:08:01.240000,1.11639,1.11624,3370000,1870000
2016-03-27 22:08:01.752000,1.11638,1.11624,1500000,1120000
2016-03-27 22:08:01.856000,1.11638,1.11623,1500000,2620000
2016-03-27 22:08:02.210000,1.11640,1.11626,1870000,6000000
2016-03-27 22:08:02.262000,1.11640,1.11628,1870000,1000000
2016-03-27 22:08:02.556000,1.11639,1.11626,1120000,1000000
2016-03-27 22:08:02.860000,1.11640,1.11628,1870000,1000000
2016-03-27 22:08:03.138000,1.11639,1.11626,1500000,1000000
2016-03-27 22:08:03.240000,1.11639,1.11624,1500000,3370000
2016-03-27 22:08:03.291000,1.11640,1.11626,3370000,1310000
2016-03-27 22:08:03.713000,1.11638,1.11626,1500000,1000000
2016-03-27 22:08:03.764000,1.11638,1.11624,1500000,1120000
2016-03-27 22:08:03.975000,1.11638,1.11624,1500000,1870000
2016-03-27 22:08:04.026000,1.11640,1.11626,2620000,1120000
2016-03-27 22:08:04.128000,1.11638,1.11625,1500000,1000000
2016-03-27 22:08:04.449000,1.11639,1.11627,1120000,1000000
2016-03-27 22:08:04.648000,1.11639,1.11625,1500000,1000000
2016-03-27 22:08:05.155000,1.11638,1.11624,1500000,1000000
2016-03-27 22:08:05.207000,1.11639,1.11626,2620000,6750000
2016-03-27 22:08:05.630000,1.11639,1.11624,1500000,2620000
2016-03-27 22:08:05.797000,1.11639,1.11624,2620000,2620000
2016-03-27 22:08:06.307000,1.11639,1.11627,1870000,1000000
2016-03-27 22:08:06.827000,1.11638,1.11626,1500000,1000000
2016-03-27 22:08:07.030000,1.11638,1.11624,1500000,1250000
2016-03-27 22:08:07.182000,1.11638,1.11626,1500000,4690000
2016-03-27 22:08:07.630000,1.11638,1.11623,1000000,3370000
2016-03-27 22:08:07.731000,1.11638,1.11627,1000000,1000000
2016-03-27 22:08:07.884000,1.11639,1.11624,2250000,1690000
2016-03-27 22:08:08.290000,1.11638,1.11626,1500000,6000000
2016-03-27 22:08:08.391000,1.11640,1.11627,2620000,1000000
2016-03-27 22:08:08.874000,1.11640,1.11625,3000000,1870000
2016-03-27 22:08:09.266000,1.11640,1.11627,2810000,1000000
2016-03-27 22:08:09.666000,1.11640,1.11625,2810000,1690000
2016-03-27 22:08:10.183000,1.11639,1.11626,1120000,4690000
2016-03-27 22:08:10.719000,1.11640,1.11625,3560000,1500000
2016-03-27 22:08:11.222000,1.11639,1.11626,1120000,4690000
2016-03-27 22:08:11.737000,1.11640,1.11625,3750000,1870000
2016-03-27 22:08:11.838000,1.11639,1.11627,1120000,1000000
2016-03-27 22:08:11.990000,1.11640,1.11625,3750000,2620000
2016-03-27 22:08:12.142000,1.11640,1.11627,3370000,1000000
2016-03-27 22:08:12.446000,1.11640,1.11625,2250000,6940000
2016-03-27 22:08:12.598000,1.11640,1.11625,3560000,1870000
2016-03-27 22:08:13.268000,1.11640,1.11628,3560000,1000000
2016-03-27 22:08:13.723000,1.11639,1.11625,1120000,2620000
2016-03-27 22:08:13.875000,1.11639,1.11628,1120000,1000000
2016-03-27 22:08:14.149000,1.11640,1.11626,3560000,5440000
2016-03-27 22:08:14.352000,1.11639,1.11628,1120000,1000000
2016-03-27 22:08:14.742000,1.11640,1.11626,2250000,5440000
2016-03-27 22:08:14.945000,1.11640,1.11628,3560000,1000000
2016-03-27 22:08:15.245000,1.11640,1.11626,3560000,1000000
2016-03-27 22:08:15.448000,1.11639,1.11628,1120000,1000000
2016-03-27 22:08:15.919000,1.11640,1.11625,3750000,1870000
2016-03-27 22:08:16.071000,1.11640,1.11628,3560000,1000000
2016-03-27 22:08:16.374000,1.11639,1.11626,1500000,6190000
2016-03-27 22:08:16.897000,1.11639,1.11627,1500000,1000000
2016-03-27 22:08:16.999000,1.11639,1.11625,1500000,1120000
2016-03-27 22:08:17.151000,1.11639,1.11628,1500000,1000000
2016-03-27 22:08:17.629000,1.11639,1.11625,1500000,1120000
2016-03-27 22:08:17.679000,1.11639,1.11628,1500000,1000000
2016-03-27 22:08:18.055000,1.11639,1.11626,1500000,5440000
2016-03-27 22:08:18.312000,1.11639,1.11628,1500000,1000000
2016-03-27 22:08:18.692000,1.11639,1.11626,1500000,5440000
2016-03-27 22:08:18.895000,1.11639,1.11628,1500000,1000000
2016-03-27 22:08:19.156000,1.11639,1.11626,1500000,1000000
2016-03-27 22:08:19.359000,1.11639,1.11628,1500000,1000000
2016-03-27 22:08:19.612000,1.11638,1.11626,1000000,1000000
2016-03-27 22:08:19.663000,1.11638,1.11624,1500000,3000000
2016-03-27 22:08:19.966000,1.11638,1.11628,1500000,1000000
2016-03-27 22:08:20.465000,1.11639,1.11624,1500000,2620000
2016-03-27 22:08:20.529000,1.11639,1.11624,1500000,2620000
2016-03-27 22:08:21.013000,1.11638,1.11624,1500000,3000000
2016-03-27 22:08:21.064000,1.11638,1.11628,1500000,1000000
2016-03-27 22:08:21.521000,1.11638,1.11624,1500000,1370000
2016-03-27 22:08:21.673000,1.11638,1.11628,1500000,1000000
2016-03-27 22:08:22.018000,1.11639,1.11626,1000000,1690000
2016-03-27 22:08:22.119000,1.11639,1.11624,2250000,3370000
2016-03-27 22:08:22.170000,1.11639,1.11628,2250000,1000000
2016-03-27 22:08:22.680000,1.11640,1.11628,1120000,1000000
2016-03-27 22:08:22.984000,1.11640,1.11631,1120000,1000000
2016-03-27 22:08:23.186000,1.11639,1.11629,1120000,5440000
2016-03-27 22:08:23.338000,1.11641,1.11630,2620000,4500000
2016-03-27 22:08:23.622000,1.11639,1.11631,1120000,1000000
2016-03-27 22:08:24.128000,1.11640,1.11631,1120000,1000000
2016-03-27 22:08:24.679000,1.11641,1.11630,1000000,7120000
2016-03-27 22:08:24.996000,1.11637,1.11627,1500000,2250000
2016-03-27 22:08:25.379000,1.11637,1.11629,1500000,1000000
2016-03-27 22:08:25.982000,1.11637,1.11628,1500000,6370000
2016-03-27 22:08:26.285000,1.11637,1.11626,1500000,1500000
2016-03-27 22:08:26.820000,1.11635,1.11626,1500000,1500000
2016-03-27 22:08:27.124000,1.11632,1.11626,1000000,1500000
2016-03-27 22:08:27.633000,1.11632,1.11627,1000000,1500000
2016-03-27 22:08:28.371000,1.11633,1.11627,1870000,1000000
2016-03-27 22:08:30.383000,1.11633,1.11626,1120000,1000000
2016-03-27 22:08:30.893000,1.11633,1.11625,1120000,1120000
2016-03-27 22:08:31.565000,1.11633,1.11623,1120000,3000000
2016-03-27 22:08:34.655000,1.11635,1.11624,2700000,1000000
2016-03-27 22:08:35.162000,1.11634,1.11624,1000000,1000000
2016-03-27 22:08:35.681000,1.11634,1.11623,1000000,3190000
2016-03-27 22:08:36.667000,1.11635,1.11623,3370000,1250000
2016-03-27 22:08:37.240000,1.11634,1.11623,1000000,3190000
2016-03-27 22:08:42.979000,1.11636,1.11628,1200000,1120000
2016-03-27 22:08:43.081000,1.11637,1.11625,1500000,1500000
2016-03-27 22:08:43.590000,1.11637,1.11625,1500000,1110000
2016-03-27 22:08:44.122000,1.11638,1.11625,3370000,1190000
2016-03-27 22:08:44.683000,1.11637,1.11625,1500000,1190000
2016-03-27 22:08:45.485000,1.11638,1.11625,3370000,1190000
2016-03-27 22:08:46.001000,1.11637,1.11625,1500000,1210000
2016-03-27 22:08:48.714000,1.11638,1.11625,3370000,1190000
2016-03-27 22:08:49.273000,1.11637,1.11625,1500000,1190000
2016-03-27 22:08:52.004000,1.11638,1.11625,3370000,1190000
2016-03-27 22:08:52.574000,1.11637,1.11625,1500000,1210000
2016-03-27 22:08:55.215000,1.11638,1.11625,3370000,1210000
2016-03-27 22:08:55.725000,1.11637,1.11625,1500000,1190000
2016-03-27 22:08:57.241000,1.11638,1.11625,3370000,1190000
2016-03-27 22:08:57.764000,1.11637,1.11625,1500000,1190000
2016-03-27 22:09:00.382000,1.11637,1.11625,1500000,1000000
2016-03-27 22:09:03.741000,1.11638,1.11625,4500000,1000000
2016-03-27 22:09:04.277000,1.11637,1.11625,1500000,1000000
2016-03-27 22:09:07.187000,1.11638,1.11625,4500000,1000000
2016-03-27 22:09:07.737000,1.11637,1.11625,1500000,1000000
2016-03-27 22:09:13.176000,1.11638,1.11625,4500000,1000000
2016-03-27 22:09:13.739000,1.11637,1.11625,1500000,1000000
2016-03-27 22:09:15.577000,1.11638,1.11625,4500000,1000000
2016-03-27 22:09:16.141000,1.11637,1.11625,1500000,1000000
2016-03-27 22:09:16.838000,1.11637,1.11623,2250000,3190000
2016-03-27 22:09:17.360000,1.11637,1.11625,1500000,1000000
2016-03-27 22:09:18.835000,1.11638,1.11625,4500000,1000000
2016-03-27 22:09:19.367000,1.11637,1.11625,1500000,1000000
2016-03-27 22:09:19.868000,1.11638,1.11624,3000000,1250000
2016-03-27 22:09:20.445000,1.11637,1.11624,1500000,1250000
2016-03-27 22:09:21.824000,1.11638,1.11624,3000000,1250000
2016-03-27 22:09:22.326000,1.11637,1.11624,1500000,1250000
2016-03-27 22:09:26.936000,1.11637,1.11631,1500000,1000000
2016-03-27 22:09:27.038000,1.11639,1.11628,3000000,1500000
2016-03-27 22:09:27.587000,1.11638,1.11626,1120000,1190000
2016-03-27 22:09:28.506000,1.11636,1.11626,1000000,1190000
2016-03-27 22:09:28.760000,1.11635,1.11624,1000000,1000000
2016-03-27 22:09:28.861000,1.11635,1.11624,1000000,1070000
2016-03-27 22:09:28.963000,1.11635,1.11624,1000000,1000000
2016-03-27 22:09:29.128000,1.11635,1.11626,1000000,1000000
2016-03-27 22:09:29.445000,1.11637,1.11628,3370000,2250000
2016-03-27 22:09:31.111000,1.11638,1.11627,1000000,4120000
2016-03-27 22:09:31.658000,1.11637,1.11628,1000000,2250000
2016-03-27 22:09:32.869000,1.11638,1.11628,1000000,1000000
2016-03-27 22:09:33.370000,1.11637,1.11628,1000000,2250000
2016-03-27 22:09:38.264000,1.11637,1.11630,1000000,1500000
2016-03-27 22:09:38.820000,1.11637,1.11629,1000000,1000000
2016-03-27 22:09:39.381000,1.11637,1.11628,3370000,1500000
2016-03-27 22:09:40.030000,1.11637,1.11629,1870000,1000000
2016-03-27 22:09:41.699000,1.11635,1.11629,1000000,1000000
2016-03-27 22:09:42.216000,1.11634,1.11628,1000000,1500000
2016-03-27 22:09:44.250000,1.11635,1.11627,1500000,4310000
2016-03-27 22:09:44.775000,1.11634,1.11628,1000000,1500000
2016-03-27 22:09:45.187000,1.11632,1.11627,1000000,1000000
2016-03-27 22:09:45.728000,1.11632,1.11626,1000000,1000000
2016-03-27 22:09:46.278000,1.11632,1.11627,1870000,1000000
2016-03-27 22:09:47.073000,1.11632,1.11626,1870000,1000000
2016-03-27 22:09:47.594000,1.11632,1.11627,1870000,1000000
2016-03-27 22:09:49.363000,1.11632,1.11626,1870000,1000000
2016-03-27 22:09:49.865000,1.11632,1.11627,1870000,1000000
2016-03-27 22:09:51.334000,1.11632,1.11626,1870000,1000000
2016-03-27 22:09:51.861000,1.11632,1.11627,1870000,1000000
2016-03-27 22:09:53.490000,1.11632,1.11626,1870000,1000000
2016-03-27 22:09:54.039000,1.11632,1.11627,1870000,1000000
2016-03-27 22:09:54.769000,1.11632,1.11626,1870000,1000000
2016-03-27 22:09:55.295000,1.11632,1.11627,1870000,1000000
2016-03-27 22:09:59.384000,1.11632,1.11626,1870000,1000000
2016-03-27 22:09:59.802000,1.11632,1.11628,1870000,1500000
2016-03-27 22:10:00.395000,1.11632,1.11627,1870000,1000000
2016-03-27 22:10:03.551000,1.11632,1.11626,1870000,1500000
2016-03-27 22:10:04.160000,1.11632,1.11627,1870000,1000000
2016-03-27 22:10:05.943000,1.11632,1.11626,1870000,1500000
2016-03-27 22:10:06.463000,1.11632,1.11627,1870000,1000000
2016-03-27 22:10:12.980000,1.11632,1.11626,1870000,1500000
2016-03-27 22:10:13.481000,1.11632,1.11627,1870000,1000000
2016-03-27 22:10:14.089000,1.11634,1.11627,1500000,1500000
2016-03-27 22:10:18.672000,1.11635,1.11627,4120000,1000000
2016-03-27 22:10:19.174000,1.11634,1.11627,1000000,1500000
2016-03-27 22:10:27.238000,1.11635,1.11627,4120000,1000000
2016-03-27 22:10:27.739000,1.11634,1.11627,1000000,1500000
2016-03-27 22:10:29.948000,1.11635,1.11627,4120000,1000000
2016-03-27 22:10:30.472000,1.11634,1.11627,1000000,1500000
2016-03-27 22:10:31.729000,1.11635,1.11627,4120000,1000000
2016-03-27 22:10:32.274000,1.11634,1.11627,1000000,1500000
2016-03-27 22:10:33.038000,1.11634,1.11629,1500000,1870000
2016-03-27 22:10:33.547000,1.11633,1.11627,1870000,1000000
2016-03-27 22:10:33.598000,1.11633,1.11625,1870000,1120000
2016-03-27 22:10:33.700000,1.11632,1.11623,2620000,1500000
2016-03-27 22:10:33.852000,1.11630,1.11620,1000000,1570000
2016-03-27 22:10:33.903000,1.11630,1.11618,1000000,2620000
2016-03-27 22:10:34.106000,1.11630,1.11621,1000000,1000000
2016-03-27 22:10:34.621000,1.11630,1.11622,1000000,1000000
2016-03-27 22:10:51.128000,1.11630,1.11621,1420000,1000000
2016-03-27 22:10:53.999000,1.11630,1.11619,1420000,4950000
2016-03-27 22:10:54.909000,1.11630,1.11623,1150000,1500000
2016-03-27 22:10:58.368000,1.11628,1.11623,1000000,4240000
2016-03-27 22:10:58.520000,1.11630,1.11619,1000000,1000000
2016-03-27 22:10:58.622000,1.11628,1.11618,1500000,2620000
2016-03-27 22:10:59.160000,1.11627,1.11619,1500000,1000000
2016-03-27 22:10:59.472000,1.11627,1.11619,1870000,1000000
2016-03-27 22:10:59.726000,1.11632,1.11625,1000000,1000000
2016-03-27 22:10:59.930000,1.11632,1.11623,1000000,1500000
2016-03-27 22:11:00.133000,1.11632,1.11625,1000000,1000000
2016-03-27 22:11:00.335000,1.11631,1.11623,1500000,2740000
2016-03-27 22:11:00.437000,1.11631,1.11619,1690000,1250000
2016-03-27 22:11:00.860000,1.11631,1.11622,2250000,1000000
2016-03-27 22:11:01.376000,1.11632,1.11621,3000000,1000000
2016-03-27 22:11:02.115000,1.11632,1.11622,2250000,1000000
2016-03-27 22:11:02.613000,1.11632,1.11620,2440000,2210000
2016-03-27 22:11:04.352000,1.11632,1.11619,2440000,2510000
2016-03-27 22:11:04.871000,1.11632,1.11620,2440000,1760000
2016-03-27 22:11:06.526000,1.11630,1.11620,1000000,1010000
2016-03-27 22:11:07.043000,1.11633,1.11621,3940000,1010000
2016-03-27 22:11:07.809000,1.11630,1.11620,1000000,1000000
2016-03-27 22:11:08.012000,1.11630,1.11618,1500000,2620000
2016-03-27 22:11:08.472000,1.11630,1.11620,1500000,1000000
2016-03-27 22:11:15.945000,1.11630,1.11621,1000000,1000000
2016-03-27 22:11:16.518000,1.11630,1.11620,1000000,1000000
2016-03-27 22:11:17.148000,1.11630,1.11621,1000000,1000000
2016-03-27 22:11:17.652000,1.11630,1.11620,1000000,1000000
2016-03-27 22:11:18.156000,1.11630,1.11621,1500000,1000000
2016-03-27 22:11:18.835000,1.11630,1.11620,1000000,1000000
2016-03-27 22:11:19.345000,1.11631,1.11621,1120000,1000000
2016-03-27 22:11:19.866000,1.11630,1.11620,1000000,1120000
2016-03-27 22:11:20.997000,1.11631,1.11620,1500000,1000000
2016-03-27 22:11:21.505000,1.11630,1.11619,1500000,1120000
2016-03-27 22:11:21.814000,1.11630,1.11621,1500000,1000000
2016-03-27 22:11:22.177000,1.11630,1.11619,1500000,1120000
2016-03-27 22:11:22.279000,1.11630,1.11621,1000000,1000000
2016-03-27 22:11:24.061000,1.11630,1.11620,1500000,1000000
2016-03-27 22:11:26.773000,1.11630,1.11621,1500000,1000000
2016-03-27 22:11:27.192000,1.11630,1.11619,1500000,1870000
2016-03-27 22:11:27.362000,1.11630,1.11621,1500000,1120000
2016-03-27 22:11:27.565000,1.11630,1.11619,1500000,1120000
2016-03-27 22:11:27.666000,1.11630,1.11621,1000000,1000000
2016-03-27 22:11:28.276000,1.11630,1.11620,3750000,1000000
2016-03-27 22:11:28.796000,1.11630,1.11619,3370000,1120000
2016-03-27 22:11:30.404000,1.11630,1.11620,2620000,1000000
2016-03-27 22:11:35.618000,1.11625,1.11619,1000000,1250000
2016-03-27 22:11:35.720000,1.11625,1.11617,1000000,1500000
2016-03-27 22:11:36.071000,1.11625,1.11619,1000000,1000000
2016-03-27 22:11:38.076000,1.11625,1.11618,1000000,1000000
2016-03-27 22:11:38.584000,1.11625,1.11619,1000000,1000000
2016-03-27 22:11:38.635000,1.11625,1.11617,1000000,2250000
2016-03-27 22:11:40.967000,1.11627,1.11624,1870000,1000000
2016-03-27 22:11:41.018000,1.11627,1.11625,1500000,1000000
2016-03-27 22:11:41.069000,1.11631,1.11623,1000000,1600000
2016-03-27 22:11:41.272000,1.11630,1.11621,1000000,3370000
2016-03-27 22:11:41.373000,1.11630,1.11619,1000000,5620000
2016-03-27 22:11:42.087000,1.11631,1.11619,1870000,4120000
2016-03-27 22:11:42.602000,1.11630,1.11628,1000000,1000000
2016-03-27 22:11:42.653000,1.11633,1.11628,2250000,1000000
2016-03-27 22:11:42.705000,1.11634,1.11624,1500000,4870000
2016-03-27 22:11:42.756000,1.11634,1.11629,1000000,1500000
2016-03-27 22:11:42.858000,1.11637,1.11629,2250000,2250000
2016-03-27 22:11:43.678000,1.11638,1.11626,2060000,2170000
2016-03-27 22:11:44.210000,1.11637,1.11627,1500000,1600000
2016-03-27 22:11:45.524000,1.11637,1.11627,1870000,1600000
2016-03-27 22:12:00.278000,1.11637,1.11629,1000000,1570000
2016-03-27 22:12:01.838000,1.11637,1.11632,2250000,1000000
2016-03-27 22:12:01.940000,1.11640,1.11634,1120000,2250000
2016-03-27 22:12:02.445000,1.11641,1.11633,1250000,2100000
2016-03-27 22:12:15.569000,1.11642,1.11634,1500000,1870000
2016-03-27 22:12:15.836000,1.11644,1.11634,1500000,1500000
2016-03-27 22:12:15.988000,1.11644,1.11634,1190000,1370000
2016-03-27 22:12:16.090000,1.11646,1.11639,1190000,1120000
2016-03-27 22:12:17.787000,1.11646,1.11639,1870000,1500000
2016-03-27 22:12:24.927000,1.11645,1.11638,1000000,2100000
2016-03-27 22:12:30.324000,1.11644,1.11637,1000000,1700000
2016-03-27 22:12:34.369000,1.11645,1.11639,1000000,1500000
2016-03-27 22:12:35.452000,1.11646,1.11639,1000000,1500000
2016-03-27 22:12:38.325000,1.11645,1.11639,1000000,1500000
2016-03-27 22:12:38.527000,1.11642,1.11639,1000000,1120000
2016-03-27 22:12:38.629000,1.11645,1.11635,3000000,1200000
2016-03-27 22:12:38.731000,1.11645,1.11635,3000000,1120000
2016-03-27 22:12:39.239000,1.11645,1.11634,3000000,4350000
2016-03-27 22:12:43.628000,1.11644,1.11634,1500000,4690000
2016-03-27 22:12:43.679000,1.11642,1.11634,1000000,4690000
2016-03-27 22:12:43.932000,1.11640,1.11629,2620000,5620000
2016-03-27 22:12:44.445000,1.11641,1.11630,2620000,1120000
2016-03-27 22:12:44.951000,1.11640,1.11630,1000000,1120000
