time,ask,bid,ask_volume,bid_volume
2016-04-03 21:00:46.778000,1.14017,1.13999,750000,750000
2016-04-03 21:00:50.073000,1.14017,1.13997,750000,750000
2016-04-03 21:00:50.733000,1.14017,1.13999,750000,750000
2016-04-03 21:00:52.163000,1.14009,1.13997,750000,750000
2016-04-03 21:00:54.363000,1.14010,1.13991,750000,750000
2016-04-03 21:00:54.414000,1.14000,1.13991,750000,750000
2016-04-03 21:00:54.783000,1.14017,1.13999,750000,750000
2016-04-03 21:00:54.907000,1.14000,1.13999,750000,750000
2016-04-03 21:00:54.984000,1.14017,1.13999,750000,750000
2016-04-03 21:00:55.574000,1.14015,1.13994,750000,750000
2016-04-03 21:00:55.684000,1.14017,1.13999,750000,750000
2016-04-03 21:01:09.433000,1.14015,1.13997,750000,750000
2016-04-03 21:01:18.564000,1.14008,1.13994,750000,750000
2016-04-03 21:01:18.924000,1.14008,1.13996,750000,750000
2016-04-03 21:01:22.632000,1.14006,1.13994,750000,750000
2016-04-03 21:01:36.676000,1.14005,1.13994,750000,750000
2016-04-03 21:01:38.437000,1.14005,1.13993,750000,1500000
2016-04-03 21:01:48.276000,1.14004,1.13992,750000,1500000
2016-04-03 21:01:53.674000,1.14005,1.13993,1500000,750000
2016-04-03 21:01:55.864000,1.14006,1.13994,1500000,750000
2016-04-03 21:01:57.655000,1.14007,1.13995,1500000,750000
2016-04-03 21:02:01.166000,1.14006,1.13995,750000,750000
2016-04-03 21:02:01.669000,1.14007,1.13995,750000,750000
2016-04-03 21:02:02.279000,1.14006,1.13995,750000,750000
2016-04-03 21:02:09.876000,1.14007,1.13995,1500000,1500000
2016-04-03 21:02:23.352000,1.14007,1.13996,1500000,750000
2016-04-03 21:02:23.899000,1.14008,1.13996,1500000,750000
2016-04-03 21:02:24.232000,1.14004,1.13995,750000,750000
2016-04-03 21:02:24.285000,1.14004,1.13993,750000,750000
2016-04-03 21:02:24.391000,1.14003,1.13991,750000,750000
2016-04-03 21:02:26.597000,1.14003,1.13992,750000,750000
2016-04-03 21:02:30.810000,1.14003,1.13991,750000,1500000
2016-04-03 21:02:36.149000,1.14002,1.13991,750000,750000
2016-04-03 21:02:36.200000,1.14002,1.13985,750000,1120000
2016-04-03 21:02:36.251000,1.14004,1.13992,750000,750000
2016-04-03 21:02:36.826000,1.14005,1.13992,750000,750000
2016-04-03 21:02:59.476000,1.14003,1.13986,750000,750000
2016-04-03 21:02:59.526000,1.14003,1.13991,750000,750000
2016-04-03 21:02:59.970000,1.14005,1.13993,1120000,750000
2016-04-03 21:03:05.048000,1.14003,1.13992,750000,750000
2016-04-03 21:03:05.608000,1.14003,1.13991,750000,750000
2016-04-03 21:03:08.123000,1.14000,1.13990,750000,750000
2016-04-03 21:03:08.185000,1.14000,1.13985,750000,750000
2016-04-03 21:03:12.521000,1.13998,1.13985,750000,750000
2016-04-03 21:03:12.572000,1.13998,1.13982,750000,750000
2016-04-03 21:03:13.955000,1.13999,1.13982,750000,2250000
2016-04-03 21:03:14.254000,1.13999,1.13988,750000,1500000
2016-04-03 21:03:16.940000,1.13999,1.13988,1500000,1500000
2016-04-03 21:03:19.184000,1.13996,1.13988,1500000,1500000
2016-04-03 21:03:20.364000,1.13995,1.13988,750000,1500000
2016-04-03 21:03:25.320000,1.13993,1.13988,750000,1500000
2016-04-03 21:03:36.744000,1.13994,1.13988,750000,1500000
2016-04-03 21:03:36.795000,1.13994,1.13977,750000,750000
2016-04-03 21:03:36.900000,1.13994,1.13983,750000,1500000
2016-04-03 21:03:40.611000,1.13995,1.13987,750000,1500000
2016-04-03 21:03:45.413000,1.13995,1.13991,750000,750000
2016-04-03 21:03:46.558000,1.13993,1.13991,750000,750000
2016-04-03 21:03:47.149000,1.13993,1.13990,750000,750000
2016-04-03 21:03:49.400000,1.13993,1.13991,750000,750000
2016-04-03 21:03:51.057000,1.13994,1.13991,750000,750000
2016-04-03 21:03:52.904000,1.13995,1.13990,750000,750000
2016-04-03 21:03:54.906000,1.13996,1.13983,750000,1500000
2016-04-03 21:03:55.011000,1.13996,1.13995,750000,750000
2016-04-03 21:03:56.050000,1.13996,1.13983,750000,1500000
2016-04-03 21:03:56.509000,1.13996,1.13995,750000,750000
2016-04-03 21:04:05.930000,1.13996,1.13993,1000000,1000000
2016-04-03 21:04:09.182000,1.14002,1.13995,2250000,750000
2016-04-03 21:04:09.562000,1.14001,1.13995,1190000,750000
2016-04-03 21:04:09.864000,1.14001,1.13984,1190000,1000000
2016-04-03 21:04:09.940000,1.14001,1.13996,1250000,750000
2016-04-03 21:04:10.064000,1.14001,1.13988,1190000,1000000
2016-04-03 21:04:10.170000,1.14001,1.13997,1250000,750000
2016-04-03 21:04:10.336000,1.14001,1.13988,1190000,1000000
2016-04-03 21:04:10.830000,1.13999,1.13983,1250000,1500000
2016-04-03 21:04:10.881000,1.13997,1.13982,1500000,1500000
2016-04-03 21:04:10.932000,1.13997,1.13959,1500000,2250000
2016-04-03 21:04:16.562000,1.13997,1.13956,1500000,1000000
2016-04-03 21:04:23.198000,1.13999,1.13956,2440000,1000000
2016-04-03 21:04:24.460000,1.13999,1.13955,3190000,1000000
2016-04-03 21:04:25.060000,1.13998,1.13954,1000000,1000000
2016-04-03 21:04:25.111000,1.13998,1.13980,1000000,940000
2016-04-03 21:04:25.161000,1.14004,1.14000,1000000,1250000
2016-04-03 21:04:25.212000,1.14006,1.14000,1250000,1000000
2016-04-03 21:04:26.079000,1.14006,1.13999,1250000,1000000
2016-04-03 21:04:26.582000,1.14006,1.13998,1250000,1500000
2016-04-03 21:04:26.929000,1.13999,1.13991,1000000,1500000
2016-04-03 21:04:27.237000,1.13999,1.13964,1000000,750000
2016-04-03 21:04:27.288000,1.14001,1.13988,1000000,750000
2016-04-03 21:04:30.221000,1.14000,1.13997,1000000,750000
2016-04-03 21:04:30.766000,1.14001,1.14000,1000000,750000
2016-04-03 21:04:31.139000,1.13999,1.13988,1000000,1000000
2016-04-03 21:04:31.202000,1.14001,1.14000,1000000,750000
2016-04-03 21:04:32.241000,1.13999,1.13988,1000000,1000000
2016-04-03 21:04:34.606000,1.14001,1.14000,1000000,750000
2016-04-03 21:04:35.444000,1.14002,1.14000,1000000,750000
2016-04-03 21:04:36.838000,1.14005,1.14000,1250000,750000
2016-04-03 21:04:39.499000,1.14000,1.13994,1690000,750000
2016-04-03 21:04:39.600000,1.13995,1.13980,1000000,1000000
2016-04-03 21:04:39.701000,1.13995,1.13952,1000000,1000000
2016-04-03 21:04:39.868000,1.13995,1.13980,1000000,750000
2016-04-03 21:04:40.272000,1.14001,1.13997,1250000,750000
2016-04-03 21:04:40.602000,1.14000,1.13988,1250000,1000000
2016-04-03 21:04:40.653000,1.14001,1.13997,1250000,750000
2016-04-03 21:04:40.819000,1.14000,1.13988,1250000,1000000
2016-04-03 21:04:41.150000,1.14001,1.13997,1250000,750000
2016-04-03 21:04:42.021000,1.14000,1.13988,1250000,1000000
2016-04-03 21:04:42.151000,1.14001,1.13997,1250000,750000
2016-04-03 21:04:43.022000,1.14000,1.13988,1250000,1000000
2016-04-03 21:04:43.152000,1.14001,1.13997,1250000,750000
2016-04-03 21:04:44.024000,1.14000,1.13988,1250000,1000000
2016-04-03 21:04:44.153000,1.14001,1.13997,1250000,750000
2016-04-03 21:04:45.025000,1.14000,1.13988,1250000,1000000
2016-04-03 21:04:45.154000,1.14001,1.13997,1250000,750000
2016-04-03 21:04:46.027000,1.14000,1.13989,1250000,1000000
2016-04-03 21:04:46.156000,1.14001,1.13998,1250000,750000
2016-04-03 21:04:46.411000,1.14000,1.13989,1250000,1000000
2016-04-03 21:04:46.929000,1.14001,1.13996,1690000,750000
2016-04-03 21:04:46.980000,1.13998,1.13984,1250000,750000
2016-04-03 21:04:47.031000,1.13998,1.13966,1250000,1000000
2016-04-03 21:04:47.081000,1.13998,1.13986,1250000,1750000
2016-04-03 21:04:47.477000,1.14001,1.14000,1250000,750000
2016-04-03 21:04:48.030000,1.13998,1.13988,1250000,1000000
2016-04-03 21:04:48.158000,1.14001,1.14000,1250000,750000
2016-04-03 21:04:49.032000,1.13998,1.13988,1250000,1000000
2016-04-03 21:04:49.159000,1.14001,1.14000,1250000,750000
2016-04-03 21:04:49.310000,1.13999,1.13966,1500000,1000000
2016-04-03 21:04:50.083000,1.13999,1.13986,1000000,1500000
2016-04-03 21:04:50.507000,1.14001,1.13997,1250000,750000
2016-04-03 21:04:51.039000,1.14001,1.13993,1250000,1500000
2016-04-03 21:04:51.286000,1.14001,1.13998,1250000,1000000
2016-04-03 21:04:56.472000,1.14000,1.13997,1000000,1000000
2016-04-03 21:04:59.290000,1.13999,1.13993,1250000,1500000
2016-04-03 21:05:00.597000,1.13999,1.13996,1250000,1000000
2016-04-03 21:05:00.658000,1.13999,1.13993,1250000,1500000
2016-04-03 21:05:00.790000,1.13999,1.13995,1250000,1000000
2016-04-03 21:05:01.114000,1.13995,1.13993,1000000,2500000
2016-04-03 21:05:01.165000,1.13995,1.13993,1000000,1500000
2016-04-03 21:05:01.216000,1.13998,1.13993,1250000,1500000
2016-04-03 21:05:01.418000,1.13998,1.13987,1250000,1000000
2016-04-03 21:05:01.529000,1.13991,1.13987,750000,1000000
2016-04-03 21:05:01.630000,1.13988,1.13965,750000,1000000
2016-04-03 21:05:01.731000,1.13988,1.13972,750000,1000000
2016-04-03 21:05:01.832000,1.13988,1.13965,1000000,1000000
2016-04-03 21:05:02.351000,1.13988,1.13964,1000000,1000000
2016-04-03 21:05:02.900000,1.13988,1.13963,1000000,1870000
2016-04-03 21:05:03.052000,1.13988,1.13963,1000000,2250000
2016-04-03 21:05:11.648000,1.13990,1.13963,1000000,1000000
2016-04-03 21:05:11.858000,1.13990,1.13964,1000000,1370000
2016-04-03 21:05:11.959000,1.13990,1.13963,1000000,1500000
2016-04-03 21:05:12.311000,1.13990,1.13964,1000000,1500000
2016-04-03 21:05:12.463000,1.13990,1.13963,1000000,1870000
2016-04-03 21:05:12.514000,1.13990,1.13963,1000000,2250000
2016-04-03 21:05:12.665000,1.13990,1.13963,1000000,750000
2016-04-03 21:05:14.104000,1.13991,1.13963,1000000,750000
2016-04-03 21:05:21.897000,1.13995,1.13963,1500000,750000
2016-04-03 21:05:21.998000,1.13992,1.13963,1000000,750000
2016-04-03 21:05:25.434000,1.13992,1.13960,1000000,750000
2016-04-03 21:05:25.632000,1.13986,1.13961,1000000,750000
2016-04-03 21:05:26.579000,1.13986,1.13963,1000000,1000000
2016-04-03 21:05:27.288000,1.13992,1.13963,1000000,1000000
2016-04-03 21:05:27.919000,1.13992,1.13962,1000000,1000000
2016-04-03 21:05:28.445000,1.13992,1.13963,1000000,1000000
2016-04-03 21:05:29.011000,1.13988,1.13963,1250000,1000000
2016-04-03 21:05:29.349000,1.13981,1.13962,1500000,1000000
2016-04-03 21:05:30.240000,1.13981,1.13961,1500000,750000
2016-04-03 21:05:33.699000,1.13981,1.13963,1500000,1000000
2016-04-03 21:05:34.566000,1.13981,1.13961,1500000,750000
2016-04-03 21:05:34.816000,1.13981,1.13963,1500000,1000000
2016-04-03 21:05:36.581000,1.13981,1.13959,1500000,1000000
2016-04-03 21:05:40.411000,1.13981,1.13958,1000000,1000000
2016-04-03 21:05:40.913000,1.13981,1.13959,1000000,1000000
2016-04-03 21:05:51.861000,1.13969,1.13959,750000,1000000
2016-04-03 21:05:52.205000,1.13965,1.13958,1000000,1000000
2016-04-03 21:06:02.358000,1.13965,1.13958,1000000,1000000
2016-04-03 21:06:02.967000,1.13965,1.13958,1000000,1000000
2016-04-03 21:06:04.027000,1.13968,1.13959,3000000,1000000
2016-04-03 21:06:19.415000,1.13968,1.13958,2250000,1500000
2016-04-03 21:06:20.618000,1.13968,1.13959,3000000,1000000
2016-04-03 21:06:21.541000,1.13968,1.13933,1500000,1250000
2016-04-03 21:06:21.591000,1.13968,1.13954,1500000,750000
2016-04-03 21:06:22.101000,1.13977,1.13958,1000000,1000000
2016-04-03 21:06:22.201000,1.13983,1.13957,1250000,750000
2016-04-03 21:06:23.023000,1.13976,1.13959,1000000,1000000
2016-04-03 21:06:23.104000,1.13978,1.13959,1500000,1000000
2016-04-03 21:06:36.480000,1.13978,1.13966,1500000,1000000
2016-04-03 21:06:47.360000,1.13974,1.13965,1000000,750000
2016-04-03 21:06:47.660000,1.13979,1.13969,1000000,1000000
2016-04-03 21:06:49.497000,1.13978,1.13970,1000000,1000000
2016-04-03 21:07:05.019000,1.13983,1.13967,1690000,750000
2016-04-03 21:07:05.070000,1.13983,1.13944,1690000,1190000
2016-04-03 21:07:05.120000,1.13983,1.13969,1250000,750000
2016-04-03 21:07:07.161000,1.13983,1.13975,1250000,1750000
2016-04-03 21:07:09.165000,1.13983,1.13975,1250000,1750000
2016-04-03 21:07:18.350000,1.13981,1.13975,1000000,1750000
2016-04-03 21:07:19.804000,1.13983,1.13935,1000000,1690000
2016-04-03 21:07:20.324000,1.13983,1.13938,1000000,1190000
2016-04-03 21:07:20.589000,1.13976,1.13940,1000000,1190000
2016-04-03 21:07:20.941000,1.13983,1.13935,1000000,2810000
2016-04-03 21:07:21.568000,1.13975,1.13935,1000000,2810000
2016-04-03 21:07:22.327000,1.13974,1.13935,1000000,4310000
2016-04-03 21:07:23.499000,1.13975,1.13936,1000000,1190000
2016-04-03 21:07:24.802000,1.13974,1.13936,1000000,1190000
2016-04-03 21:07:26.817000,1.13975,1.13936,1000000,1190000
2016-04-03 21:07:28.102000,1.13974,1.13936,1000000,1190000
2016-04-03 21:07:29.474000,1.13974,1.13936,1000000,1190000
2016-04-03 21:07:30.528000,1.13974,1.13953,750000,1500000
2016-04-03 21:07:30.629000,1.13976,1.13954,1000000,1000000
2016-04-03 21:07:30.730000,1.13979,1.13954,1000000,1190000
2016-04-03 21:07:44.120000,1.13980,1.13954,1000000,1190000
2016-04-03 21:07:44.663000,1.13979,1.13954,1000000,1190000
2016-04-03 21:07:57.978000,1.13977,1.13952,1000000,2060000
2016-04-03 21:07:58.356000,1.13975,1.13952,1500000,1690000
2016-04-03 21:08:09.928000,1.13972,1.13951,1000000,2060000
2016-04-03 21:08:14.215000,1.13975,1.13951,1500000,2060000
2016-04-03 21:08:28.241000,1.13975,1.13951,1000000,1690000
2016-04-03 21:08:32.139000,1.13974,1.13951,1000000,1690000
2016-04-03 21:08:32.190000,1.13972,1.13951,1190000,1190000
2016-04-03 21:08:32.342000,1.13971,1.13951,1000000,1690000
2016-04-03 21:08:32.451000,1.13973,1.13952,1000000,1250000
2016-04-03 21:08:32.996000,1.13974,1.13952,1250000,1250000
2016-04-03 21:08:40.692000,1.13974,1.13952,1000000,1190000
2016-04-03 21:08:40.894000,1.13974,1.13952,1000000,1190000
2016-04-03 21:08:46.204000,1.13977,1.13956,1190000,1000000
2016-04-03 21:09:03.523000,1.13977,1.13956,1250000,1000000
2016-04-03 21:09:06.943000,1.13976,1.13956,1000000,1000000
2016-04-03 21:09:11.164000,1.13976,1.13954,1500000,1000000
2016-04-03 21:09:11.671000,1.13976,1.13953,1500000,1250000
2016-04-03 21:09:12.332000,1.13975,1.13952,1000000,1190000
2016-04-03 21:09:12.845000,1.13975,1.13952,1000000,1190000
2016-04-03 21:09:21.927000,1.13976,1.13952,1690000,1190000
2016-04-03 21:09:23.086000,1.13972,1.13953,1000000,1560000
2016-04-03 21:09:23.990000,1.13971,1.13953,1000000,2060000
2016-04-03 21:09:27.102000,1.13971,1.13953,1000000,2060000
2016-04-03 21:09:34.627000,1.13969,1.13953,1000000,2060000
2016-04-03 21:09:35.185000,1.13967,1.13953,1000000,2060000
2016-04-03 21:09:36.751000,1.13968,1.13953,1000000,1560000
2016-04-03 21:09:38.401000,1.13967,1.13953,1000000,2060000
2016-04-03 21:09:49.896000,1.13969,1.13953,1000000,1190000
2016-04-03 21:09:49.947000,1.13971,1.13953,1000000,1190000
2016-04-03 21:09:50.999000,1.13973,1.13953,1000000,2060000
2016-04-03 21:09:51.169000,1.13979,1.13953,1000000,2060000
2016-04-03 21:09:51.329000,1.13981,1.13953,1000000,2060000
2016-04-03 21:09:56.077000,1.13978,1.13955,1000000,1690000
2016-04-03 21:09:56.409000,1.13971,1.13955,1000000,2440000
2016-04-03 21:09:57.013000,1.13972,1.13955,1000000,1690000
2016-04-03 21:09:57.533000,1.13971,1.13955,1000000,2440000
2016-04-03 21:10:11.369000,1.13972,1.13952,1000000,1690000
2016-04-03 21:10:11.870000,1.13971,1.13953,1000000,1190000
2016-04-03 21:10:12.972000,1.13972,1.13953,1000000,1190000
2016-04-03 21:10:16.042000,1.13971,1.13953,1000000,1190000
2016-04-03 21:10:27.946000,1.13973,1.13953,2250000,1190000
2016-04-03 21:11:36.301000,1.13973,1.13952,3000000,2810000
2016-04-03 21:11:39.429000,1.13975,1.13951,2250000,1420000
2016-04-03 21:11:43.533000,1.13975,1.13951,2250000,1190000
2016-04-03 21:11:45.886000,1.13975,1.13954,1000000,1310000
2016-04-03 21:11:45.950000,1.13977,1.13954,2250000,1190000
2016-04-03 21:12:23.478000,1.13977,1.13956,1500000,1940000
2016-04-03 21:12:23.585000,1.13980,1.13956,2250000,1940000
2016-04-03 21:12:57.862000,1.13980,1.13957,2250000,1690000
2016-04-03 21:13:18.551000,1.13980,1.13956,2250000,1940000
2016-04-03 21:13:19.561000,1.13982,1.13956,2320000,1940000
2016-04-03 21:13:19.880000,1.13982,1.13958,2250000,3940000
2016-04-03 21:13:29.900000,1.13982,1.13957,2250000,2000000
2016-04-03 21:13:30.118000,1.13982,1.13954,2250000,1940000
2016-04-03 21:13:57.591000,1.13982,1.13953,2440000,2810000
2016-04-03 21:13:58.406000,1.13980,1.13953,1500000,2440000
2016-04-03 21:14:55.230000,1.13980,1.13953,2250000,1940000
2016-04-03 21:14:55.382000,1.13980,1.13953,2250000,1260000
2016-04-03 21:15:19.478000,1.13980,1.13951,2250000,2440000
2016-04-03 21:15:27.536000,1.13980,1.13951,2250000,2060000
2016-04-03 21:15:28.745000,1.13976,1.13951,1000000,2060000
2016-04-03 21:15:29.296000,1.13974,1.13951,1000000,1690000
2016-04-03 21:15:50.531000,1.13974,1.13950,1000000,3190000
2016-04-03 21:15:53.516000,1.13974,1.13950,1000000,1690000
2016-04-03 21:15:59.059000,1.13974,1.13953,1000000,1940000
2016-04-03 21:15:59.378000,1.13974,1.13950,1000000,1690000
2016-04-03 21:16:10.687000,1.13974,1.13950,1000000,2440000
2016-04-03 21:16:11.760000,1.13974,1.13950,1000000,2440000
2016-04-03 21:16:12.547000,1.13974,1.13950,1000000,2440000
2016-04-03 21:16:21.743000,1.13975,1.13950,1000000,1690000
2016-04-03 21:16:22.248000,1.13974,1.13950,1000000,2440000
2016-04-03 21:16:27.505000,1.13974,1.13950,1000000,2440000
2016-04-03 21:16:29.509000,1.13975,1.13950,1000000,1690000
2016-04-03 21:16:30.076000,1.13974,1.13950,1000000,2440000
2016-04-03 21:16:38.421000,1.13975,1.13950,1000000,1690000
2016-04-03 21:16:39.451000,1.13974,1.13950,1000000,2440000
2016-04-03 21:16:42.553000,1.13974,1.13950,1000000,2440000
2016-04-03 21:16:43.106000,1.13974,1.13950,1000000,2440000
2016-04-03 21:16:55.604000,1.13975,1.13952,1000000,1690000
2016-04-03 21:16:56.361000,1.13974,1.13953,1000000,1310000
2016-04-03 21:16:59.070000,1.13975,1.13952,1000000,1690000
2016-04-03 21:16:59.579000,1.13974,1.13953,1000000,1310000
2016-04-03 21:17:07.823000,1.13975,1.13950,1000000,1940000
2016-04-03 21:17:08.697000,1.13974,1.13950,1000000,1940000
2016-04-03 21:17:14.523000,1.13975,1.13957,1000000,1100000
2016-04-03 21:17:15.186000,1.13975,1.13957,1000000,1070000
2016-04-03 21:17:15.801000,1.13974,1.13957,1000000,1070000
2016-04-03 21:17:22.442000,1.13975,1.13957,1000000,1320000
2016-04-03 21:17:23.039000,1.13974,1.13957,1000000,1320000
2016-04-03 21:17:30.234000,1.13975,1.13957,1000000,1320000
2016-04-03 21:17:30.802000,1.13974,1.13957,1000000,1320000
2016-04-03 21:17:40.475000,1.13975,1.13957,1000000,1320000
2016-04-03 21:17:41.476000,1.13974,1.13957,1000000,1320000
2016-04-03 21:17:42.494000,1.13975,1.13957,1000000,1320000
2016-04-03 21:17:44.481000,1.13974,1.13957,1000000,1320000
2016-04-03 21:17:51.010000,1.13979,1.13957,2250000,1320000
2016-04-03 21:17:53.956000,1.13979,1.13957,1500000,1010000
2016-04-03 21:17:58.601000,1.13980,1.13957,2250000,1010000
2016-04-03 21:17:58.906000,1.13980,1.13957,2250000,1690000
2016-04-03 21:18:06.603000,1.13980,1.13957,1500000,1070000
2016-04-03 21:18:08.145000,1.13980,1.13963,2250000,1000000
2016-04-03 21:18:08.247000,1.13980,1.13954,2250000,1690000
2016-04-03 21:18:19.975000,1.13980,1.13955,2250000,1690000
2016-04-03 21:18:30.426000,1.13980,1.13954,2250000,1690000
2016-04-03 21:18:30.975000,1.13980,1.13954,2250000,1940000
2016-04-03 21:18:38.716000,1.13980,1.13954,2250000,1260000
2016-04-03 21:18:38.975000,1.13980,1.13954,2250000,1940000
2016-04-03 21:19:25.995000,1.13980,1.13951,2440000,1940000
2016-04-03 21:19:26.514000,1.13980,1.13951,2440000,1750000
2016-04-03 21:19:44.474000,1.13981,1.13951,2440000,1750000
2016-04-03 21:20:12.539000,1.13980,1.13951,1190000,1750000
2016-04-03 21:20:14.901000,1.13980,1.13951,1190000,1070000
2016-04-03 21:20:16.614000,1.13980,1.13951,1190000,1070000
2016-04-03 21:20:28.425000,1.13980,1.13951,1190000,1070000
2016-04-03 21:20:28.536000,1.13980,1.13951,1190000,1070000
2016-04-03 21:20:40.575000,1.13980,1.13951,1190000,1760000
2016-04-03 21:20:40.676000,1.13980,1.13951,1190000,2440000
2016-04-03 21:20:53.444000,1.13980,1.13952,2440000,1500000
2016-04-03 21:20:53.766000,1.13980,1.13951,1190000,1950000
2016-04-03 21:20:59.650000,1.13976,1.13950,1500000,1200000
2016-04-03 21:20:59.701000,1.13976,1.13948,3000000,1370000
2016-04-03 21:20:59.804000,1.13975,1.13944,2250000,2510000
2016-04-03 21:21:00.006000,1.13974,1.13941,1100000,2140000
2016-04-03 21:21:05.011000,1.13973,1.13939,1000000,4010000
2016-04-03 21:21:13.375000,1.13974,1.13939,1070000,1190000
2016-04-03 21:21:13.829000,1.13973,1.13940,1000000,1260000
2016-04-03 21:21:17.147000,1.13974,1.13938,1000000,2810000
2016-04-03 21:21:17.573000,1.13972,1.13938,1000000,2810000
2016-04-03 21:21:17.935000,1.13972,1.13938,1000000,2510000
2016-04-03 21:21:18.437000,1.13973,1.13937,3820000,2810000
2016-04-03 21:21:18.987000,1.13972,1.13938,1000000,2510000
2016-04-03 21:21:22.444000,1.13971,1.13936,1000000,2810000
2016-04-03 21:21:24.551000,1.13972,1.13935,1000000,2810000
2016-04-03 21:21:26.455000,1.13971,1.13936,1000000,2810000
2016-04-03 21:21:35.426000,1.13971,1.13936,1100000,2140000
2016-04-03 21:21:35.640000,1.13971,1.13936,1000000,2440000
2016-04-03 21:21:37.974000,1.13970,1.13935,1000000,2810000
2016-04-03 21:21:44.915000,1.13970,1.13935,1000000,2810000
2016-04-03 21:21:45.093000,1.13970,1.13935,1000000,2810000
2016-04-03 21:21:49.955000,1.13971,1.13935,1000000,2440000
2016-04-03 21:21:51.668000,1.13972,1.13934,1000000,3940000
2016-04-03 21:21:52.268000,1.13971,1.13935,1000000,2440000
2016-04-03 21:21:57.079000,1.13958,1.13935,1000000,2440000
2016-04-03 21:21:57.382000,1.13947,1.13934,1000000,1190000
2016-04-03 21:21:57.685000,1.13947,1.13939,1000000,1190000
2016-04-03 21:22:00.925000,1.13949,1.13939,1000000,1190000
2016-04-03 21:22:05.212000,1.13949,1.13938,1000000,1250000
2016-04-03 21:22:05.978000,1.13949,1.13937,1000000,1250000
2016-04-03 21:22:06.029000,1.13949,1.13937,1000000,1620000
2016-04-03 21:22:06.332000,1.13950,1.13936,190000,1370000
2016-04-03 21:22:10.504000,1.13950,1.13936,190000,1370000
2016-04-03 21:22:10.945000,1.13950,1.13936,190000,1370000
2016-04-03 21:22:20.060000,1.13969,1.13936,4120000,1370000
2016-04-03 21:22:26.863000,1.13971,1.13936,2250000,1560000
2016-04-03 21:22:27.947000,1.13970,1.13936,1000000,1560000
2016-04-03 21:22:29.001000,1.13970,1.13936,1000000,1260000
2016-04-03 21:22:29.252000,1.13970,1.13936,1000000,1560000
2016-04-03 21:22:29.657000,1.13970,1.13936,1000000,1940000
2016-04-03 21:22:29.772000,1.13970,1.13936,1000000,1560000
2016-04-03 21:22:31.110000,1.13971,1.13936,2250000,3560000
2016-04-03 21:23:16.641000,1.13972,1.13935,2250000,3560000
2016-04-03 21:23:17.341000,1.13971,1.13936,1000000,2810000
2016-04-03 21:23:18.444000,1.13972,1.13935,2250000,3560000
2016-04-03 21:23:19.345000,1.13971,1.13936,1000000,2810000
2016-04-03 21:23:19.589000,1.13971,1.13948,1000000,1190000
2016-04-03 21:23:19.742000,1.13974,1.13950,1000000,1260000
2016-04-03 21:23:19.793000,1.13979,1.13953,1690000,1000000
2016-04-03 21:23:21.390000,1.13981,1.13952,1690000,1690000
2016-04-03 21:23:21.902000,1.13981,1.13953,2440000,1000000
2016-04-03 21:23:22.571000,1.13980,1.13952,1190000,1690000
2016-04-03 21:23:23.182000,1.13980,1.13953,1190000,1000000
2016-04-03 21:23:31.898000,1.13979,1.13953,1190000,1250000
2016-04-03 21:23:32.101000,1.13979,1.13953,1190000,1000000
2016-04-03 21:23:32.657000,1.13981,1.13953,3260000,1690000
2016-04-03 21:23:54.962000,1.13981,1.13956,2510000,1190000
2016-04-03 21:24:00.131000,1.13981,1.13959,1190000,1690000
2016-04-03 21:24:01.266000,1.13976,1.13959,1190000,1500000
2016-04-03 21:24:03.157000,1.13976,1.13958,1190000,3000000
2016-04-03 21:24:04.137000,1.13973,1.13958,1190000,2250000
2016-04-03 21:24:04.289000,1.13972,1.13940,3260000,1070000
2016-04-03 21:24:04.631000,1.13972,1.13938,2510000,2700000
2016-04-03 21:24:14.121000,1.13972,1.13938,1250000,1200000
2016-04-03 21:24:14.291000,1.13972,1.13938,1320000,1200000
2016-04-03 21:24:26.334000,1.13972,1.13948,1070000,1000000
2016-04-03 21:24:26.637000,1.13973,1.13952,1190000,1000000
2016-04-03 21:24:47.808000,1.13972,1.13952,1190000,1000000
2016-04-03 21:24:54.491000,1.13974,1.13952,1000000,1190000
2016-04-03 21:24:57.461000,1.13974,1.13952,1000000,1190000
2016-04-03 21:25:05.733000,1.13969,1.13952,1000000,1190000
2016-04-03 21:25:12.530000,1.13969,1.13952,1000000,1190000
2016-04-03 21:25:34.652000,1.13971,1.13952,1000000,1190000
2016-04-03 21:25:49.929000,1.13971,1.13952,1690000,1190000
2016-04-03 21:25:50.232000,1.13964,1.13956,1000000,1000000
2016-04-03 21:25:50.534000,1.13974,1.13968,1000000,1500000
2016-04-03 21:25:50.736000,1.13974,1.13953,1000000,1560000
2016-04-03 21:25:51.740000,1.13975,1.13953,1250000,2060000
2016-04-03 21:25:58.125000,1.13977,1.13953,2620000,1870000
2016-04-03 21:25:58.176000,1.13979,1.13953,1100000,1870000
2016-04-03 21:25:58.717000,1.13979,1.13953,1500000,2620000
2016-04-03 21:25:58.768000,1.13983,1.13956,2250000,1870000
2016-04-03 21:25:58.871000,1.13967,1.13956,1190000,1870000
2016-04-03 21:25:58.973000,1.13969,1.13954,1000000,1000000
2016-04-03 21:25:59.074000,1.13982,1.13970,1000000,750000
2016-04-03 21:25:59.277000,1.13995,1.13971,2440000,1000000
2016-04-03 21:25:59.378000,1.13995,1.13972,2810000,1000000
2016-04-03 21:25:59.480000,1.13994,1.13960,1870000,1000000
2016-04-03 21:25:59.531000,1.13994,1.13958,1870000,3000000
2016-04-03 21:26:00.051000,1.13994,1.13959,2620000,2250000
2016-04-03 21:26:04.705000,1.13994,1.13958,2620000,2250000
2016-04-03 21:26:06.211000,1.13994,1.13957,1870000,3000000
2016-04-03 21:26:07.410000,1.13994,1.13958,2620000,2250000
2016-04-03 21:26:14.440000,1.13991,1.13957,1570000,2250000
2016-04-03 21:26:15.087000,1.13991,1.13958,2320000,2250000
2016-04-03 21:26:16.053000,1.13991,1.13957,2320000,2250000
2016-04-03 21:26:20.162000,1.13991,1.13956,1570000,3750000
2016-04-03 21:26:22.454000,1.13991,1.13957,2320000,2250000
2016-04-03 21:26:23.010000,1.13991,1.13956,1570000,3750000
2016-04-03 21:26:23.669000,1.13991,1.13957,2320000,3000000
2016-04-03 21:26:26.949000,1.13991,1.13957,2250000,3000000
2016-04-03 21:26:59.240000,1.13991,1.13958,2250000,1000000
2016-04-03 21:27:38.307000,1.13991,1.13960,2250000,1000000
2016-04-03 21:27:59.557000,1.13991,1.13961,2250000,1000000
2016-04-03 21:27:59.712000,1.13991,1.13956,2250000,1570000
2016-04-03 21:27:59.763000,1.13991,1.13961,1690000,1000000
2016-04-03 21:28:00.072000,1.13990,1.13964,1690000,1000000
2016-04-03 21:28:04.346000,1.13989,1.13964,1940000,1000000
2016-04-03 21:28:06.504000,1.13984,1.13963,1260000,1000000
2016-04-03 21:28:06.555000,1.13984,1.13960,1940000,1000000
2016-04-03 21:28:06.656000,1.13984,1.13957,1940000,1370000
2016-04-03 21:28:10.981000,1.13984,1.13958,1120000,1120000
2016-04-03 21:28:11.033000,1.13986,1.13960,1690000,1500000
2016-04-03 21:28:11.084000,1.13991,1.13962,2060000,1000000
2016-04-03 21:28:11.136000,1.13994,1.13964,2810000,1000000
2016-04-03 21:28:15.096000,1.13994,1.13964,2810000,1120000
2016-04-03 21:28:15.628000,1.13994,1.13969,2060000,1000000
2016-04-03 21:28:22.717000,1.13994,1.13969,2060000,1000000
2016-04-03 21:30:20.887000,1.13995,1.13969,1560000,1000000
2016-04-03 21:30:32.204000,1.13995,1.13971,1560000,1000000
2016-04-03 21:31:15.442000,1.13992,1.13969,1690000,1000000
2016-04-03 21:32:02.893000,1.13996,1.13968,1010000,1870000
2016-04-03 21:32:03.503000,1.13996,1.13969,1010000,1370000
2016-04-03 21:32:04.122000,1.13996,1.13969,1010000,1370000
2016-04-03 21:32:27.503000,1.13994,1.13970,1760000,1000000
2016-04-03 21:32:33.553000,1.13996,1.13970,1010000,1000000
2016-04-03 21:32:43.077000,1.13996,1.13971,1010000,1000000
2016-04-03 21:32:46.143000,1.13997,1.13973,1710000,1000000
2016-04-03 21:32:48.512000,1.13998,1.13973,1710000,1500000
2016-04-03 21:32:57.547000,1.13994,1.13973,1760000,1000000
2016-04-03 21:33:53.059000,1.13997,1.13972,1760000,1120000
2016-04-03 21:33:53.160000,1.13997,1.13970,1010000,2250000
2016-04-03 21:34:03.103000,1.13995,1.13969,2510000,1000000
2016-04-03 21:34:43.150000,1.13995,1.13968,1760000,3750000
2016-04-03 21:34:48.521000,1.13995,1.13968,1260000,3750000
2016-04-03 21:34:57.540000,1.13995,1.13968,1260000,3750000
2016-04-03 21:35:03.024000,1.13995,1.13968,1260000,4120000
2016-04-03 21:35:03.531000,1.13995,1.13969,1260000,1000000
2016-04-03 21:35:12.501000,1.13991,1.13969,1260000,1000000
2016-04-03 21:35:20.053000,1.13986,1.13966,1000000,3370000
2016-04-03 21:35:20.104000,1.13986,1.13966,1190000,3000000
2016-04-03 21:35:20.206000,1.13986,1.13964,1190000,2250000
2016-04-03 21:35:38.445000,1.13986,1.13962,1190000,1500000
2016-04-03 21:35:43.328000,1.13986,1.13961,1260000,2620000
2016-04-03 21:35:44.035000,1.13986,1.13962,1260000,1000000
2016-04-03 21:35:46.750000,1.13986,1.13961,1260000,2620000
2016-04-03 21:35:47.463000,1.13986,1.13962,1260000,1000000
2016-04-03 21:35:48.509000,1.13986,1.13962,1260000,1000000
2016-04-03 21:35:49.180000,1.13986,1.13961,1260000,2620000
2016-04-03 21:35:49.793000,1.13986,1.13962,1260000,1000000
2016-04-03 21:35:54.953000,1.13983,1.13961,1000000,2250000
2016-04-03 21:35:55.303000,1.13983,1.13961,1260000,1000000
2016-04-03 21:35:57.451000,1.13983,1.13959,1260000,2250000
2016-04-03 21:35:59.050000,1.13981,1.13959,1190000,2250000
2016-04-03 21:35:59.252000,1.13974,1.13957,1250000,1000000
2016-04-03 21:36:23.844000,1.13982,1.13957,2060000,2250000
2016-04-03 21:36:27.961000,1.13985,1.13959,2510000,2250000
2016-04-03 21:36:28.219000,1.13986,1.13960,1710000,3000000
2016-04-03 21:36:28.270000,1.13987,1.13960,1010000,3370000
2016-04-03 21:36:33.848000,1.13988,1.13962,1010000,1000000
2016-04-03 21:36:34.689000,1.13988,1.13962,1010000,1000000
2016-04-03 21:36:43.099000,1.13987,1.13961,1010000,1000000
2016-04-03 21:37:42.559000,1.13989,1.13961,1010000,1000000
2016-04-03 21:37:43.164000,1.13989,1.13960,1760000,2620000
2016-04-03 21:37:57.545000,1.13989,1.13960,1010000,2620000
2016-04-03 21:38:03.569000,1.13991,1.13960,2960000,3000000
2016-04-03 21:38:04.168000,1.13987,1.13960,1010000,2250000
2016-04-03 21:38:11.648000,1.13990,1.13960,1010000,2250000
2016-04-03 21:38:12.198000,1.13986,1.13960,1010000,3000000
2016-04-03 21:38:12.656000,1.13990,1.13960,1010000,3000000
2016-04-03 21:38:14.323000,1.13986,1.13960,1010000,3000000
2016-04-03 21:38:15.103000,1.13987,1.13960,1010000,3000000
2016-04-03 21:38:27.518000,1.13986,1.13960,1010000,3000000
2016-04-03 21:38:32.364000,1.13987,1.13960,1710000,3000000
2016-04-03 21:38:32.964000,1.13986,1.13960,1010000,2250000
2016-04-03 21:38:33.562000,1.13987,1.13960,1710000,3000000
2016-04-03 21:38:34.868000,1.13986,1.13960,1010000,3000000
2016-04-03 21:38:36.975000,1.13987,1.13960,1710000,3000000
2016-04-03 21:38:37.306000,1.13985,1.13960,1260000,2250000
2016-04-03 21:38:55.460000,1.13985,1.13960,1390000,3000000
2016-04-03 21:38:55.763000,1.13986,1.13960,1010000,3000000
2016-04-03 21:38:57.997000,1.13984,1.13960,2440000,3000000
2016-04-03 21:39:47.586000,1.13975,1.13960,1000000,3000000
2016-04-03 21:39:47.917000,1.13972,1.13955,1190000,2250000
2016-04-03 21:40:27.971000,1.13973,1.13956,1760000,1000000
2016-04-03 21:40:29.443000,1.13979,1.13956,1870000,3000000
2016-04-03 21:40:29.495000,1.13979,1.13956,1000000,3000000
2016-04-03 21:40:29.546000,1.13981,1.13958,2620000,3000000
2016-04-03 21:40:29.879000,1.13981,1.13961,1120000,1000000
2016-04-03 21:40:38.481000,1.13981,1.13961,1310000,1000000
2016-04-03 21:40:41.051000,1.13981,1.13958,1390000,4120000
2016-04-03 21:40:42.154000,1.13981,1.13960,1390000,1000000
2016-04-03 21:40:43.151000,1.13981,1.13961,1390000,1000000
2016-04-03 21:40:48.776000,1.13979,1.13958,1100000,4500000
2016-04-03 21:40:48.827000,1.13975,1.13958,1190000,4120000
2016-04-03 21:40:49.190000,1.13975,1.13961,1190000,1000000
2016-04-03 21:40:55.705000,1.13980,1.13958,1560000,1500000
2016-04-03 21:40:56.282000,1.13976,1.13958,1190000,1000000
2016-04-03 21:40:56.441000,1.13974,1.13955,1290000,3000000
2016-04-03 21:40:56.593000,1.13974,1.13958,1290000,1000000
2016-04-03 21:40:58.998000,1.13974,1.13957,1290000,1000000
2016-04-03 21:41:03.098000,1.13975,1.13956,1260000,1000000
2016-04-03 21:41:05.495000,1.13975,1.13957,1260000,1000000
2016-04-03 21:41:25.295000,1.13976,1.13955,1760000,2250000
2016-04-03 21:41:37.734000,1.13972,1.13955,1190000,2250000
2016-04-03 21:41:38.137000,1.13970,1.13957,1190000,1000000
2016-04-03 21:41:55.554000,1.13971,1.13957,1760000,1000000
2016-04-03 21:42:06.045000,1.13971,1.13956,1760000,1000000
2016-04-03 21:42:11.885000,1.13971,1.13957,1760000,1000000
2016-04-03 21:42:31.886000,1.13971,1.13953,1690000,2440000
2016-04-03 21:43:13.226000,1.13972,1.13953,1760000,2440000
2016-04-03 21:43:13.277000,1.13975,1.13957,1310000,1000000
2016-04-03 21:43:21.931000,1.13974,1.13957,1260000,1000000
2016-04-03 21:43:22.802000,1.13974,1.13957,1260000,1000000
2016-04-03 21:43:23.443000,1.13974,1.13957,1260000,1000000
2016-04-03 21:43:24.191000,1.13974,1.13957,1260000,1000000
2016-04-03 21:43:50.179000,1.13974,1.13959,1190000,1000000
2016-04-03 21:44:03.008000,1.13974,1.13955,1190000,2250000
2016-04-03 21:44:03.059000,1.13974,1.13955,1190000,2250000
2016-04-03 21:44:03.341000,1.13974,1.13955,1190000,1500000
2016-04-03 21:44:24.449000,1.13969,1.13955,1000000,1500000
2016-04-03 21:44:24.784000,1.13969,1.13952,1690000,1690000
2016-04-03 21:44:30.234000,1.13969,1.13952,1690000,1500000
2016-04-03 21:44:32.226000,1.13974,1.13954,1290000,1500000
2016-04-03 21:44:32.785000,1.13978,1.13955,1310000,1500000
2016-04-03 21:44:40.368000,1.13978,1.13955,1310000,1500000
2016-04-03 21:45:08.052000,1.13978,1.13955,1310000,2250000
2016-04-03 21:45:15.205000,1.13978,1.13955,1310000,2250000
2016-04-03 21:45:15.573000,1.13977,1.13955,1190000,2250000
2016-04-03 21:45:48.568000,1.13977,1.13955,1190000,2250000
2016-04-03 21:45:53.701000,1.13977,1.13955,1190000,2250000
2016-04-03 21:46:20.121000,1.13977,1.13955,1190000,2250000
2016-04-03 21:46:49.516000,1.13972,1.13955,1000000,2250000
2016-04-03 21:46:50.055000,1.13972,1.13954,1000000,1690000
2016-04-03 21:47:03.140000,1.13972,1.13955,1000000,2250000
2016-04-03 21:47:11.389000,1.13972,1.13955,1190000,1690000
2016-04-03 21:48:32.170000,1.13973,1.13958,3940000,1690000
2016-04-03 21:48:43.614000,1.13973,1.13963,3000000,2440000
2016-04-03 21:48:44.213000,1.13975,1.13963,2440000,2440000
2016-04-03 21:49:00.849000,1.13975,1.13963,2250000,2250000
2016-04-03 21:49:00.900000,1.13972,1.13963,1000000,2250000
2016-04-03 21:49:00.954000,1.13972,1.13961,1000000,1000000
2016-04-03 21:49:01.469000,1.13971,1.13960,1000000,2250000
2016-04-03 21:49:02.501000,1.13969,1.13960,1000000,2250000
2016-04-03 21:49:03.098000,1.13968,1.13960,1000000,2250000
2016-04-03 21:49:12.998000,1.13969,1.13960,1000000,2250000
2016-04-03 21:49:15.338000,1.13967,1.13954,1000000,2250000
2016-04-03 21:49:17.496000,1.13966,1.13954,1000000,2250000
2016-04-03 21:49:23.511000,1.13967,1.13954,1000000,3000000
2016-04-03 21:49:24.039000,1.13968,1.13954,1000000,3750000
2016-04-03 21:49:24.637000,1.13967,1.13954,1000000,3000000
2016-04-03 21:49:44.627000,1.13971,1.13954,3940000,1500000
2016-04-03 21:49:48.498000,1.13971,1.13954,3940000,1500000
2016-04-03 21:50:21.168000,1.13974,1.13954,2250000,3000000
2016-04-03 21:50:21.219000,1.13971,1.13954,1000000,2250000
2016-04-03 21:50:36.142000,1.13970,1.13955,1000000,1000000
2016-04-03 21:50:53.333000,1.13972,1.13955,3940000,1250000
2016-04-03 21:50:56.261000,1.13972,1.13952,2620000,3190000
2016-04-03 21:51:02.197000,1.13972,1.13952,2810000,3190000
2016-04-03 21:51:07.563000,1.13967,1.13952,1000000,3190000
2016-04-03 21:51:07.665000,1.13971,1.13952,1250000,3190000
2016-04-03 21:51:08.674000,1.13969,1.13952,1000000,2440000
2016-04-03 21:51:10.652000,1.13971,1.13952,1250000,2440000
2016-04-03 21:51:10.804000,1.13975,1.13952,2060000,3190000
2016-04-03 21:51:11.372000,1.13974,1.13954,1310000,1000000
2016-04-03 21:51:12.687000,1.13972,1.13953,1190000,2440000
2016-04-03 21:51:13.035000,1.13974,1.13955,1310000,1000000
2016-04-03 21:51:13.254000,1.13974,1.13953,1310000,2440000
2016-04-03 21:51:13.904000,1.13975,1.13954,2060000,3000000
2016-04-03 21:51:14.630000,1.13974,1.13955,1310000,1000000
2016-04-03 21:51:15.096000,1.13974,1.13955,1120000,1000000
2016-04-03 21:51:16.167000,1.13975,1.13954,2060000,3000000
2016-04-03 21:51:16.268000,1.13975,1.13956,2060000,1000000
2016-04-03 21:51:16.657000,1.13975,1.13954,1310000,1250000
2016-04-03 21:51:16.758000,1.13975,1.13957,1620000,1000000
2016-04-03 21:51:17.124000,1.13971,1.13957,1000000,1000000
2016-04-03 21:51:17.465000,1.13975,1.13957,1620000,1000000
2016-04-03 21:51:17.627000,1.13971,1.13957,1500000,1000000
2016-04-03 21:51:17.729000,1.13975,1.13956,1620000,1000000
2016-04-03 21:51:18.288000,1.13976,1.13955,1560000,1000000
2016-04-03 21:51:19.631000,1.13973,1.13955,1500000,1000000
2016-04-03 21:51:20.147000,1.13974,1.13955,1120000,3000000
2016-04-03 21:51:20.198000,1.13975,1.13957,1620000,1000000
2016-04-03 21:51:20.707000,1.13975,1.13956,2060000,1000000
2016-04-03 21:51:21.242000,1.13975,1.13955,1620000,1000000
2016-04-03 21:51:21.748000,1.13975,1.13956,1620000,1000000
2016-04-03 21:51:22.665000,1.13973,1.13955,1000000,1000000
2016-04-03 21:51:23.201000,1.13974,1.13955,1120000,1000000
2016-04-03 21:51:23.753000,1.13975,1.13956,1620000,1000000
2016-04-03 21:51:24.698000,1.13974,1.13955,1120000,1000000
2016-04-03 21:51:25.760000,1.13973,1.13956,1000000,1000000
2016-04-03 21:51:26.313000,1.13974,1.13955,1120000,1000000
2016-04-03 21:51:27.885000,1.13977,1.13956,2140000,1000000
2016-04-03 21:51:28.395000,1.13977,1.13958,1640000,1000000
2016-04-03 21:51:28.864000,1.13974,1.13956,1870000,1000000
2016-04-03 21:51:29.086000,1.13974,1.13958,1870000,1000000
2016-04-03 21:51:29.590000,1.13977,1.13957,1640000,1000000
2016-04-03 21:51:30.267000,1.13977,1.13956,1640000,2250000
2016-04-03 21:51:30.769000,1.13975,1.13955,1390000,3000000
2016-04-03 21:51:31.279000,1.13975,1.13956,1390000,2250000
2016-04-03 21:51:31.380000,1.13974,1.13953,1200000,3560000
2016-04-03 21:51:31.683000,1.13977,1.13958,1190000,1000000
2016-04-03 21:51:32.062000,1.13972,1.13955,1000000,1000000
2016-04-03 21:51:32.129000,1.13974,1.13954,1950000,2440000
2016-04-03 21:51:32.381000,1.13977,1.13956,1640000,1000000
2016-04-03 21:51:32.930000,1.13977,1.13955,1640000,1000000
2016-04-03 21:51:33.799000,1.13974,1.13954,1200000,1310000
2016-04-03 21:51:34.102000,1.13977,1.13956,1640000,3000000
2016-04-03 21:51:34.695000,1.13977,1.13955,1640000,1000000
2016-04-03 21:51:35.794000,1.13977,1.13955,1190000,1500000
2016-04-03 21:51:36.271000,1.13973,1.13956,1000000,1000000
2016-04-03 21:51:36.423000,1.13977,1.13954,4690000,1690000
2016-04-03 21:51:38.380000,1.13976,1.13955,2290000,3000000
2016-04-03 21:51:39.194000,1.13976,1.13956,2290000,1000000
2016-04-03 21:51:42.016000,1.13977,1.13955,1190000,3000000
2016-04-03 21:51:42.319000,1.13973,1.13955,1000000,3000000
2016-04-03 21:51:42.420000,1.13977,1.13955,1690000,3000000
2016-04-03 21:51:44.518000,1.13977,1.13956,1190000,1000000
2016-04-03 21:51:45.043000,1.13977,1.13957,1190000,1000000
2016-04-03 21:51:46.530000,1.13975,1.13954,1690000,1690000
2016-04-03 21:51:46.682000,1.13973,1.13955,1000000,1000000
2016-04-03 21:51:46.907000,1.13977,1.13955,1190000,1120000
2016-04-03 21:51:47.020000,1.13973,1.13954,1000000,3940000
2016-04-03 21:51:47.222000,1.13977,1.13955,1190000,1000000
2016-04-03 21:51:47.806000,1.13975,1.13954,1250000,2440000
2016-04-03 21:51:50.427000,1.13976,1.13955,2140000,1000000
2016-04-03 21:51:50.942000,1.13977,1.13954,1190000,3190000
2016-04-03 21:51:51.384000,1.13977,1.13956,1190000,2250000
2016-04-03 21:51:51.932000,1.13977,1.13957,1190000,1000000
2016-04-03 21:51:52.542000,1.13974,1.13953,1000000,2440000
2016-04-03 21:51:52.744000,1.13971,1.13953,1000000,2440000
2016-04-03 21:51:52.845000,1.13977,1.13953,1190000,3940000
2016-04-03 21:51:53,1.13973,1.13953,1000000,3940000
2016-04-03 21:51:53.383000,1.13977,1.13953,1190000,1690000
2016-04-03 21:51:53.433000,1.13973,1.13953,1000000,2810000
2016-04-03 21:51:53.637000,1.13976,1.13953,1190000,3190000
2016-04-03 21:51:57.840000,1.13977,1.13955,1190000,2250000
2016-04-03 21:51:58.368000,1.13977,1.13956,1190000,1000000
2016-04-03 21:51:58.893000,1.13977,1.13955,1190000,3000000
2016-04-03 21:52:00.415000,1.13971,1.13955,1000000,2250000
2016-04-03 21:52:00.516000,1.13973,1.13953,2170000,3940000
2016-04-03 21:52:00.617000,1.13977,1.13954,1190000,1250000
2016-04-03 21:52:03.200000,1.13977,1.13955,1690000,2250000
2016-04-03 21:52:03.301000,1.13973,1.13955,2170000,1000000
2016-04-03 21:52:03.403000,1.13977,1.13953,1190000,2440000
2016-04-03 21:52:03.655000,1.13973,1.13953,1000000,3190000
2016-04-03 21:52:03.756000,1.13977,1.13952,1760000,3190000
2016-04-03 21:52:07.106000,1.13976,1.13953,1010000,1000000
2016-04-03 21:52:09.430000,1.13977,1.13953,1760000,1000000
2016-04-03 21:52:14.630000,1.13979,1.13955,2060000,2250000
2016-04-03 21:52:15.188000,1.13979,1.13956,2810000,1000000
2016-04-03 21:52:16.427000,1.13974,1.13956,2100000,1000000
2016-04-03 21:52:16.578000,1.13976,1.13953,1190000,2250000
2016-04-03 21:52:16.679000,1.13972,1.13953,1000000,3000000
2016-04-03 21:52:16.781000,1.13976,1.13953,1190000,2250000
2016-04-03 21:52:17.034000,1.13973,1.13952,1000000,3000000
2016-04-03 21:52:17.135000,1.13976,1.13953,1190000,3000000
2016-04-03 21:52:18.456000,1.13979,1.13955,1760000,2250000
2016-04-03 21:52:22.475000,1.13971,1.13955,1000000,3000000
2016-04-03 21:52:22.576000,1.13977,1.13953,1290000,2250000
2016-04-03 21:52:22.879000,1.13973,1.13953,1000000,2250000
2016-04-03 21:52:22.983000,1.13976,1.13953,1190000,3000000
2016-04-03 21:52:25.983000,1.13968,1.13950,1000000,1120000
2016-04-03 21:52:26.048000,1.13976,1.13949,2060000,1500000
2016-04-03 21:52:26.149000,1.13975,1.13949,1760000,1500000
2016-04-03 21:52:26.251000,1.13972,1.13949,1000000,1500000
2016-04-03 21:52:26.566000,1.13971,1.13949,1070000,1500000
2016-04-03 21:52:28.483000,1.13967,1.13949,1000000,1500000
2016-04-03 21:52:28.584000,1.13969,1.13946,1100000,1500000
2016-04-03 21:52:28.957000,1.13965,1.13943,1000000,1500000
2016-04-03 21:52:29.361000,1.13967,1.13940,1100000,3190000
2016-04-03 21:52:30.526000,1.13969,1.13941,2100000,2440000
2016-04-03 21:52:31.078000,1.13971,1.13943,1070000,2250000
2016-04-03 21:52:31.955000,1.13971,1.13943,1120000,2250000
2016-04-03 21:52:32.473000,1.13960,1.13943,1000000,1870000
2016-04-03 21:52:32.574000,1.13967,1.13941,6070000,2250000
2016-04-03 21:52:32.675000,1.13961,1.13943,1000000,1870000
2016-04-03 21:52:32.777000,1.13967,1.13942,1100000,2250000
2016-04-03 21:52:33.160000,1.13961,1.13943,1000000,1500000
2016-04-03 21:52:33.262000,1.13969,1.13942,2250000,2060000
2016-04-03 21:52:33.313000,1.13969,1.13942,1070000,1690000
2016-04-03 21:52:33.464000,1.13964,1.13941,1950000,1690000
2016-04-03 21:52:33.566000,1.13970,1.13941,1070000,2440000
2016-04-03 21:52:33.667000,1.13964,1.13941,1000000,2440000
2016-04-03 21:52:33.870000,1.13968,1.13941,1070000,2060000
2016-04-03 21:52:33.971000,1.13962,1.13943,1000000,2620000
2016-04-03 21:52:34.072000,1.13967,1.13941,1100000,3190000
2016-04-03 21:52:34.173000,1.13961,1.13941,1000000,2060000
2016-04-03 21:52:34.275000,1.13964,1.13941,1350000,2810000
2016-04-03 21:52:34.376000,1.13969,1.13941,1070000,1690000
2016-04-03 21:52:34.477000,1.13964,1.13941,1000000,1690000
2016-04-03 21:52:36.473000,1.13969,1.13941,1100000,2440000
2016-04-03 21:52:36.625000,1.13970,1.13943,1070000,1250000
2016-04-03 21:52:38.487000,1.13962,1.13943,1000000,2060000
2016-04-03 21:52:38.689000,1.13968,1.13941,1070000,2440000
2016-04-03 21:52:38.894000,1.13963,1.13941,1000000,2440000
2016-04-03 21:52:38.964000,1.13965,1.13941,1200000,2440000
2016-04-03 21:52:39.116000,1.13970,1.13941,3820000,3190000
2016-04-03 21:52:42.431000,1.13969,1.13941,1100000,1690000
2016-04-03 21:52:42.533000,1.13972,1.13945,1070000,1690000
2016-04-03 21:52:43.037000,1.13974,1.13946,2620000,2440000
2016-04-03 21:52:44.479000,1.13963,1.13945,1000000,1190000
2016-04-03 21:52:44.596000,1.13969,1.13944,1100000,3190000
2016-04-03 21:52:44.799000,1.13963,1.13944,1000000,3560000
2016-04-03 21:52:44.900000,1.13968,1.13944,1000000,3190000
2016-04-03 21:52:45.001000,1.13970,1.13944,1570000,3190000
2016-04-03 21:52:45.114000,1.13964,1.13944,1000000,3190000
2016-04-03 21:52:45.215000,1.13969,1.13944,1000000,3190000
2016-04-03 21:52:45.372000,1.13963,1.13944,1000000,3190000
2016-04-03 21:52:45.473000,1.13966,1.13944,2170000,3190000
2016-04-03 21:52:45.524000,1.13970,1.13944,1570000,3190000
2016-04-03 21:52:45.676000,1.13963,1.13944,1000000,3190000
2016-04-03 21:52:45.777000,1.13966,1.13944,1950000,2440000
2016-04-03 21:52:45.828000,1.13969,1.13944,1000000,2440000
2016-04-03 21:52:45.979000,1.13964,1.13944,1000000,3940000
2016-04-03 21:52:46.080000,1.13970,1.13944,1070000,3190000
2016-04-03 21:52:46.295000,1.13965,1.13944,1000000,3190000
2016-04-03 21:52:46.497000,1.13969,1.13944,1100000,3190000
2016-04-03 21:52:46.712000,1.13964,1.13944,1000000,2440000
2016-04-03 21:52:46.941000,1.13970,1.13944,1070000,3940000
2016-04-03 21:52:47.003000,1.13963,1.13944,1000000,2810000
2016-04-03 21:52:47.104000,1.13969,1.13944,1100000,2440000
2016-04-03 21:52:47.314000,1.13963,1.13944,1000000,1310000
2016-04-03 21:52:47.415000,1.13970,1.13944,1070000,3190000
2016-04-03 21:52:47.617000,1.13963,1.13944,1000000,2810000
2016-04-03 21:52:47.718000,1.13969,1.13944,1100000,2440000
2016-04-03 21:52:47.819000,1.13965,1.13944,1000000,2440000
2016-04-03 21:52:47.920000,1.13970,1.13944,1070000,3190000
2016-04-03 21:52:48.022000,1.13963,1.13944,1000000,2440000
2016-04-03 21:52:48.123000,1.13969,1.13944,1100000,2440000
2016-04-03 21:52:48.224000,1.13964,1.13944,1000000,3190000
2016-04-03 21:52:48.426000,1.13971,1.13944,1570000,1190000
2016-04-03 21:52:48.967000,1.13972,1.13946,1070000,2440000
2016-04-03 21:52:50.810000,1.13965,1.13946,1000000,2440000
2016-04-03 21:52:51.022000,1.13970,1.13944,1070000,3190000
2016-04-03 21:52:51.224000,1.13963,1.13944,1000000,2440000
2016-04-03 21:52:51.326000,1.13969,1.13944,1100000,3190000
2016-04-03 21:52:51.427000,1.13964,1.13944,1000000,3560000
2016-04-03 21:52:51.529000,1.13970,1.13944,1070000,3560000
2016-04-03 21:52:51.630000,1.13964,1.13944,1000000,3190000
2016-04-03 21:52:51.795000,1.13969,1.13944,1100000,3190000
2016-04-03 21:52:52.014000,1.13963,1.13944,1000000,2440000
2016-04-03 21:52:52.115000,1.13969,1.13944,1100000,3190000
2016-04-03 21:52:52.216000,1.13963,1.13944,1000000,3560000
2016-04-03 21:52:52.318000,1.13970,1.13944,1070000,3560000
2016-04-03 21:52:52.419000,1.13963,1.13946,1000000,2440000
2016-04-03 21:52:52.520000,1.13969,1.13946,1100000,2440000
2016-04-03 21:52:52.723000,1.13962,1.13946,1000000,2440000
2016-04-03 21:52:52.824000,1.13970,1.13944,1070000,3190000
2016-04-03 21:52:59.903000,1.13970,1.13944,1100000,2440000
2016-04-03 21:53:00.322000,1.13970,1.13946,1470000,2440000
2016-04-03 21:53:02.447000,1.13970,1.13946,1070000,1690000
2016-04-03 21:53:03.863000,1.13970,1.13946,1100000,1690000
2016-04-03 21:53:06.501000,1.13971,1.13946,2700000,1690000
2016-04-03 21:53:08.403000,1.13967,1.13946,1000000,1690000
2016-04-03 21:53:08.706000,1.13969,1.13945,2320000,1690000
2016-04-03 21:53:08.808000,1.13964,1.13946,1000000,1690000
2016-04-03 21:53:08.909000,1.13970,1.13946,1070000,1690000
2016-04-03 21:53:08.960000,1.13966,1.13946,2100000,1760000
2016-04-03 21:53:09.112000,1.13969,1.13945,1000000,2060000
2016-04-03 21:53:09.163000,1.13969,1.13946,1100000,1690000
2016-04-03 21:53:09.214000,1.13966,1.13946,1000000,1690000
2016-04-03 21:53:09.517000,1.13968,1.13946,2620000,1760000
2016-04-03 21:53:09.770000,1.13968,1.13946,1000000,1690000
2016-04-03 21:53:11.042000,1.13962,1.13946,1000000,1500000
2016-04-03 21:53:11.151000,1.13972,1.13944,2770000,2060000
2016-04-03 21:53:11.353000,1.13963,1.13944,1000000,1690000
2016-04-03 21:53:11.454000,1.13971,1.13944,1570000,1690000
2016-04-03 21:53:11.555000,1.13965,1.13944,1000000,1690000
2016-04-03 21:53:11.656000,1.13970,1.13943,1000000,1690000
2016-04-03 21:53:11.808000,1.13966,1.13943,1000000,1690000
2016-04-03 21:53:12.010000,1.13968,1.13944,1950000,1690000
2016-04-03 21:53:12.111000,1.13970,1.13944,1000000,2060000
2016-04-03 21:53:12.414000,1.13969,1.13944,3000000,1690000
2016-04-03 21:53:12.615000,1.13966,1.13944,1000000,1690000
2016-04-03 21:53:12.767000,1.13970,1.13944,1100000,1690000
2016-04-03 21:53:12.818000,1.13966,1.13944,1000000,1690000
2016-04-03 21:53:13.120000,1.13968,1.13944,2100000,1690000
2016-04-03 21:53:13.171000,1.13970,1.13944,1100000,1690000
2016-04-03 21:53:13.222000,1.13966,1.13944,1000000,1690000
2016-04-03 21:53:13.432000,1.13969,1.13944,2920000,1690000
2016-04-03 21:53:13.649000,1.13965,1.13943,1000000,1690000
2016-04-03 21:53:13.858000,1.13968,1.13944,2700000,1690000
2016-04-03 21:53:13.961000,1.13970,1.13944,1000000,1690000
2016-04-03 21:53:14.184000,1.13968,1.13944,1270000,1690000
2016-04-03 21:53:14.335000,1.13971,1.13943,1100000,1690000
2016-04-03 21:53:14.439000,1.13966,1.13943,1000000,1690000
2016-04-03 21:53:14.612000,1.13969,1.13944,3000000,1690000
2016-04-03 21:53:14.834000,1.13965,1.13944,1000000,1690000
2016-04-03 21:53:15.043000,1.13968,1.13944,2170000,1690000
2016-04-03 21:53:15.195000,1.13971,1.13944,1100000,1690000
2016-04-03 21:53:15.245000,1.13966,1.13944,1000000,1690000
2016-04-03 21:53:15.447000,1.13969,1.13943,1200000,1690000
2016-04-03 21:53:15.653000,1.13966,1.13944,1000000,1690000
2016-04-03 21:53:15.848000,1.13969,1.13944,2700000,1690000
2016-04-03 21:53:16.063000,1.13965,1.13944,1000000,1690000
2016-04-03 21:53:16.215000,1.13968,1.13944,2920000,1690000
2016-04-03 21:53:16.316000,1.13970,1.13944,2250000,1690000
2016-04-03 21:53:16.417000,1.13967,1.13944,1000000,1690000
2016-04-03 21:53:16.720000,1.13970,1.13944,1570000,1690000
2016-04-03 21:53:16.821000,1.13966,1.13944,1000000,1690000
2016-04-03 21:53:17.026000,1.13969,1.13944,1950000,1690000
2016-04-03 21:53:17.228000,1.13966,1.13944,1000000,1690000
2016-04-03 21:53:17.379000,1.13970,1.13944,1100000,1690000
2016-04-03 21:53:17.651000,1.13966,1.13944,1000000,1690000
2016-04-03 21:53:17.759000,1.13969,1.13944,1000000,1690000
2016-04-03 21:53:18.062000,1.13965,1.13944,1000000,1690000
2016-04-03 21:53:18.264000,1.13971,1.13944,1070000,1690000
2016-04-03 21:53:18.418000,1.13967,1.13944,1000000,1690000
2016-04-03 21:53:18.620000,1.13969,1.13944,1100000,1690000
2016-04-03 21:53:18.822000,1.13966,1.13944,1000000,1690000
2016-04-03 21:53:19.032000,1.13969,1.13944,1100000,1690000
2016-04-03 21:53:19.184000,1.13967,1.13944,2020000,1690000
2016-04-03 21:53:19.335000,1.13970,1.13944,1070000,1690000
2016-04-03 21:53:19.537000,1.13966,1.13944,1000000,1690000
2016-04-03 21:53:19.739000,1.13969,1.13944,1000000,1690000
2016-04-03 21:53:19.941000,1.13966,1.13943,1000000,1690000
2016-04-03 21:53:20.051000,1.13969,1.13944,1000000,1690000
2016-04-03 21:53:20.230000,1.13967,1.13944,1000000,1690000
2016-04-03 21:53:20.382000,1.13969,1.13944,1100000,1690000
2016-04-03 21:53:20.533000,1.13966,1.13944,1000000,1690000
2016-04-03 21:53:20.738000,1.13968,1.13944,2100000,1690000
2016-04-03 21:53:21.367000,1.13965,1.13944,1000000,1690000
2016-04-03 21:53:21.470000,1.13970,1.13944,1570000,1690000
2016-04-03 21:53:21.672000,1.13966,1.13944,1000000,1690000
2016-04-03 21:53:21.870000,1.13969,1.13944,1100000,1690000
2016-04-03 21:53:22.143000,1.13966,1.13944,1000000,1690000
2016-04-03 21:53:22.271000,1.13969,1.13944,1100000,1690000
2016-04-03 21:53:22.425000,1.13964,1.13944,1000000,1690000
2016-04-03 21:53:22.527000,1.13967,1.13944,2020000,1690000
2016-04-03 21:53:22.579000,1.13970,1.13944,1570000,1690000
2016-04-03 21:53:22.732000,1.13966,1.13944,1000000,1690000
2016-04-03 21:53:22.972000,1.13968,1.13944,2250000,1690000
2016-04-03 21:53:23.175000,1.13966,1.13944,1000000,1690000
2016-04-03 21:53:23.524000,1.13970,1.13944,1500000,1760000
2016-04-03 21:53:23.810000,1.13966,1.13944,2100000,2060000
2016-04-03 21:53:23.861000,1.13967,1.13944,1370000,1760000
2016-04-03 21:53:24.398000,1.13971,1.13944,1500000,1760000
2016-04-03 21:53:25.064000,1.13963,1.13944,1000000,1690000
2016-04-03 21:53:25.610000,1.13969,1.13944,1370000,1760000
2016-04-03 21:53:26.453000,1.13963,1.13944,1000000,1760000
2016-04-03 21:53:26.976000,1.13970,1.13944,1370000,1760000
2016-04-03 21:53:27.749000,1.13963,1.13944,1000000,1760000
2016-04-03 21:53:28.255000,1.13966,1.13944,1070000,2510000
2016-04-03 21:53:29.495000,1.13966,1.13944,1070000,1760000
2016-04-03 21:53:29.999000,1.13969,1.13944,1370000,1760000
2016-04-03 21:53:30.482000,1.13963,1.13944,1000000,1760000
2016-04-03 21:53:30.987000,1.13969,1.13944,1370000,1690000
2016-04-03 21:53:31.750000,1.13963,1.13944,1000000,1690000
2016-04-03 21:53:32.256000,1.13969,1.13944,2550000,1690000
2016-04-03 21:53:44.460000,1.13967,1.13944,1070000,1690000
2016-04-03 21:53:44.984000,1.13969,1.13944,3220000,1760000
2016-04-03 21:53:47.616000,1.13970,1.13943,1370000,2890000
2016-04-03 21:53:49.289000,1.13968,1.13944,2620000,1690000
2016-04-03 21:53:49.956000,1.13965,1.13944,1100000,1760000
2016-04-03 21:53:50.484000,1.13971,1.13944,1500000,2510000
2016-04-03 21:53:57.104000,1.13967,1.13944,1120000,1690000
2016-04-03 21:54:02.235000,1.13967,1.13944,1070000,1690000
2016-04-03 21:54:02.458000,1.13967,1.13946,1070000,1500000
2016-04-03 21:54:04.434000,1.13963,1.13946,1000000,1500000
2016-04-03 21:54:04.535000,1.13965,1.13944,1000000,2440000
2016-04-03 21:54:05.039000,1.13970,1.13944,1870000,2140000
2016-04-03 21:54:05.561000,1.13970,1.13944,1370000,2140000
2016-04-03 21:54:05.663000,1.13969,1.13944,1070000,2060000
2016-04-03 21:54:05.966000,1.13964,1.13944,1000000,1760000
2016-04-03 21:54:06.017000,1.13969,1.13944,1120000,1760000
2016-04-03 21:54:06.120000,1.13963,1.13944,1000000,2060000
2016-04-03 21:54:06.221000,1.13966,1.13944,1070000,1570000
2016-04-03 21:54:08.745000,1.13967,1.13944,1120000,1570000
2016-04-03 21:54:16.573000,1.13965,1.13944,1100000,1570000
2016-04-03 21:54:20.548000,1.13960,1.13944,1000000,1570000
2016-04-03 21:54:20.649000,1.13962,1.13942,1500000,2620000
2016-04-03 21:54:20.700000,1.13968,1.13942,1120000,1870000
2016-04-03 21:54:20.751000,1.13962,1.13942,1000000,1870000
2016-04-03 21:54:20.852000,1.13964,1.13942,2020000,1870000
2016-04-03 21:54:20.953000,1.13962,1.13942,1000000,1870000
2016-04-03 21:54:21.054000,1.13968,1.13942,2320000,1870000
2016-04-03 21:54:21.814000,1.13966,1.13942,1070000,1570000
2016-04-03 21:54:26.357000,1.13966,1.13942,1070000,1500000
2016-04-03 21:54:26.889000,1.13968,1.13943,1370000,1500000
2016-04-03 21:54:30.788000,1.13965,1.13942,1070000,1570000
2016-04-03 21:54:30.990000,1.13965,1.13942,1070000,1570000
2016-04-03 21:54:32.072000,1.13966,1.13942,1070000,1870000
2016-04-03 21:54:38.029000,1.13969,1.13944,1070000,1870000
2016-04-03 21:54:41.905000,1.13969,1.13944,1120000,1570000
2016-04-03 21:54:43.075000,1.13965,1.13944,1000000,1570000
2016-04-03 21:54:44.803000,1.13965,1.13944,1000000,1570000
2016-04-03 21:54:46.601000,1.13968,1.13944,2170000,1570000
2016-04-03 21:54:46.919000,1.13970,1.13946,1370000,1570000
2016-04-03 21:54:48.726000,1.13963,1.13945,1000000,1570000
2016-04-03 21:54:48.828000,1.13963,1.13944,1000000,1570000
2016-04-03 21:54:48.929000,1.13966,1.13944,1070000,1570000
2016-04-03 21:54:49.402000,1.13963,1.13945,1000000,1500000
2016-04-03 21:54:49.503000,1.13965,1.13945,1100000,1500000
2016-04-03 21:54:49.710000,1.13962,1.13945,1000000,1500000
2016-04-03 21:54:49.811000,1.13966,1.13945,2850000,1500000
2016-04-03 21:54:49.912000,1.13963,1.13945,1000000,1500000
2016-04-03 21:54:50.014000,1.13966,1.13945,1420000,1570000
2016-04-03 21:54:50.225000,1.13962,1.13945,1000000,1570000
2016-04-03 21:54:50.326000,1.13966,1.13945,1070000,1570000
2016-04-03 21:54:50.850000,1.13965,1.13945,1100000,1500000
2016-04-03 21:55:00.740000,1.13967,1.13945,1100000,1570000
2016-04-03 21:55:00.791000,1.13967,1.13945,1000000,1870000
2016-04-03 21:55:02.530000,1.13969,1.13945,3070000,1870000
2016-04-03 21:55:02.883000,1.13969,1.13947,1000000,1870000
2016-04-03 21:55:06.535000,1.13961,1.13947,1000000,1870000
2016-04-03 21:55:06.636000,1.13964,1.13947,2100000,1870000
2016-04-03 21:55:06.737000,1.13965,1.13945,1000000,2810000
2016-04-03 21:55:06.839000,1.13961,1.13945,1000000,2810000
2016-04-03 21:55:06.941000,1.13964,1.13945,1200000,2810000
2016-04-03 21:55:06.992000,1.13967,1.13944,1000000,2810000
2016-04-03 21:55:07.042000,1.13961,1.13944,1000000,2810000
2016-04-03 21:55:07.144000,1.13964,1.13945,1120000,2810000
2016-04-03 21:55:07.195000,1.13967,1.13945,1100000,2810000
2016-04-03 21:55:07.245000,1.13961,1.13945,1000000,2810000
2016-04-03 21:55:07.346000,1.13964,1.13945,1950000,2810000
2016-04-03 21:55:07.397000,1.13967,1.13945,1100000,2810000
2016-04-03 21:55:07.448000,1.13961,1.13945,1000000,2810000
2016-04-03 21:55:07.549000,1.13969,1.13944,1070000,2060000
2016-04-03 21:55:07.650000,1.13962,1.13945,1000000,2060000
2016-04-03 21:55:07.751000,1.13965,1.13945,2250000,2060000
2016-04-03 21:55:07.802000,1.13968,1.13945,1000000,2060000
2016-04-03 21:55:07.965000,1.13965,1.13945,1000000,2060000
2016-04-03 21:55:08.067000,1.13967,1.13945,1000000,2060000
2016-04-03 21:55:08.168000,1.13962,1.13945,1000000,2060000
2016-04-03 21:55:08.269000,1.13966,1.13945,1000000,2060000
2016-04-03 21:55:08.370000,1.13963,1.13945,1000000,2060000
2016-04-03 21:55:08.472000,1.13967,1.13945,1000000,2060000
2016-04-03 21:55:08.573000,1.13963,1.13945,1000000,2060000
2016-04-03 21:55:08.674000,1.13967,1.13945,1000000,2060000
2016-04-03 21:55:08.838000,1.13963,1.13945,1000000,2060000
2016-04-03 21:55:08.940000,1.13966,1.13945,1950000,2060000
2016-04-03 21:55:09.041000,1.13964,1.13945,1000000,2060000
2016-04-03 21:55:09.192000,1.13966,1.13945,1000000,2060000
2016-04-03 21:55:09.243000,1.13968,1.13945,1100000,2060000
2016-04-03 21:55:09.695000,1.13975,1.13949,1760000,1870000
2016-04-03 21:55:09.998000,1.13970,1.13950,1000000,1870000
2016-04-03 21:55:10.352000,1.13968,1.13949,1000000,1870000
2016-04-03 21:55:10.965000,1.13969,1.13948,1000000,1870000
2016-04-03 21:55:11.494000,1.13970,1.13948,1000000,1870000
2016-04-03 21:55:11.934000,1.13968,1.13949,1000000,1870000
2016-04-03 21:55:12.234000,1.13971,1.13949,3520000,1870000
2016-04-03 21:55:12.335000,1.13968,1.13949,1000000,1870000
2016-04-03 21:55:12.634000,1.13970,1.13948,1000000,1870000
2016-04-03 21:55:12.735000,1.13968,1.13949,1000000,1870000
2016-04-03 21:55:12.941000,1.13970,1.13949,1000000,1870000
2016-04-03 21:55:13.147000,1.13968,1.13949,1000000,1870000
2016-04-03 21:55:13.376000,1.13971,1.13949,2320000,1870000
2016-04-03 21:55:13.543000,1.13968,1.13949,1000000,1870000
2016-04-03 21:55:13.846000,1.13970,1.13949,1000000,1870000
2016-04-03 21:55:13.947000,1.13968,1.13948,1000000,1870000
2016-04-03 21:55:14.177000,1.13971,1.13949,1100000,1870000
2016-04-03 21:55:14.344000,1.13968,1.13949,1000000,1870000
2016-04-03 21:55:14.563000,1.13971,1.13949,3450000,1870000
2016-04-03 21:55:14.778000,1.13968,1.13949,1000000,1870000
2016-04-03 21:55:14.980000,1.13971,1.13949,1100000,1870000
2016-04-03 21:55:15.146000,1.13968,1.13949,1000000,1870000
2016-04-03 21:55:15.339000,1.13971,1.13949,3820000,1870000
2016-04-03 21:55:15.654000,1.13968,1.13949,1000000,1870000
2016-04-03 21:55:15.767000,1.13971,1.13949,3820000,1870000
2016-04-03 21:55:15.943000,1.13968,1.13949,1000000,1870000
2016-04-03 21:55:16.156000,1.13971,1.13949,3750000,1870000
2016-04-03 21:55:16.360000,1.13968,1.13949,1000000,1870000
2016-04-03 21:55:16.562000,1.13971,1.13949,3600000,1870000
2016-04-03 21:55:16.663000,1.13969,1.13948,1190000,1870000
2016-04-03 21:55:17.171000,1.13967,1.13947,1250000,1870000
2016-04-03 21:55:17.776000,1.13966,1.13946,1000000,1870000
2016-04-03 21:55:18.350000,1.13967,1.13947,1250000,1870000
2016-04-03 21:55:18.401000,1.13967,1.13947,1250000,1570000
2016-04-03 21:55:18.604000,1.13966,1.13947,1000000,1870000
2016-04-03 21:55:18.807000,1.13967,1.13947,1250000,1570000
2016-04-03 21:55:19.059000,1.13967,1.13947,1250000,1870000
2016-04-03 21:55:19.261000,1.13968,1.13947,1290000,1570000
2016-04-03 21:55:19.614000,1.13967,1.13947,1250000,1870000
2016-04-03 21:55:20.147000,1.13966,1.13947,1000000,1870000
2016-04-03 21:55:20.658000,1.13966,1.13947,1190000,1870000
2016-04-03 21:55:24.658000,1.13965,1.13947,1250000,1570000
2016-04-03 21:55:25.372000,1.13964,1.13944,1000000,3750000
2016-04-03 21:55:25.524000,1.13966,1.13945,1290000,3450000
2016-04-03 21:55:27.456000,1.13965,1.13945,1690000,3450000
2016-04-03 21:55:27.506000,1.13959,1.13945,1000000,1200000
2016-04-03 21:55:28.051000,1.13961,1.13945,1190000,1120000
2016-04-03 21:55:28.586000,1.13963,1.13941,1190000,1010000
2016-04-03 21:55:34.494000,1.13961,1.13944,1190000,2770000
2016-04-03 21:55:34.595000,1.13963,1.13941,1190000,1820000
2016-04-03 21:55:34.804000,1.13963,1.13943,1690000,1570000
2016-04-03 21:55:38.210000,1.13958,1.13943,1690000,1010000
2016-04-03 21:55:38.312000,1.13956,1.13943,1250000,1010000
2016-04-03 21:55:40.562000,1.13955,1.13940,1000000,1740000
2016-04-03 21:55:40.613000,1.13952,1.13940,1000000,1640000
2016-04-03 21:55:40.926000,1.13954,1.13940,1000000,1760000
2016-04-03 21:55:41.027000,1.13956,1.13940,1250000,1760000
2016-04-03 21:55:41.464000,1.13956,1.13940,1310000,1690000
2016-04-03 21:55:41.565000,1.13955,1.13940,1000000,1760000
2016-04-03 21:55:42.128000,1.13956,1.13941,1250000,1010000
2016-04-03 21:55:50.277000,1.13955,1.13941,1000000,1010000
2016-04-03 21:55:50.328000,1.13953,1.13941,1250000,1010000
2016-04-03 21:55:56.555000,1.13952,1.13939,1000000,1760000
2016-04-03 21:55:57.185000,1.13952,1.13939,1000000,1690000
2016-04-03 21:55:57.805000,1.13953,1.13939,1250000,1760000
2016-04-03 21:56:06.139000,1.13951,1.13939,1000000,2510000
2016-04-03 21:56:08.112000,1.13952,1.13939,1000000,2210000
2016-04-03 21:56:08.627000,1.13953,1.13939,1250000,2140000
2016-04-03 21:56:14.021000,1.13952,1.13939,1000000,2210000
2016-04-03 21:56:29.407000,1.13951,1.13939,1000000,2210000
2016-04-03 21:56:29.723000,1.13948,1.13939,1250000,2140000
2016-04-03 21:56:36.148000,1.13948,1.13941,1250000,3190000
2016-04-03 21:56:48.127000,1.13950,1.13943,1190000,1000000
2016-04-03 21:56:58.755000,1.13951,1.13945,1190000,1000000
2016-04-03 21:56:58.985000,1.13950,1.13943,1190000,1000000
2016-04-03 21:57:01.265000,1.13950,1.13943,1000000,1000000
2016-04-03 21:57:04.235000,1.13950,1.13943,1190000,1000000
2016-04-03 21:57:12.577000,1.13950,1.13943,1190000,1000000
2016-04-03 21:57:16.566000,1.13950,1.13943,1000000,1000000
2016-04-03 21:57:16.617000,1.13952,1.13944,1500000,1000000
2016-04-03 21:57:16.998000,1.13957,1.13944,1190000,1000000
2016-04-03 21:57:41.806000,1.13961,1.13940,4010000,1390000
2016-04-03 21:57:41.857000,1.13961,1.13953,3940000,1000000
2016-04-03 21:57:41.909000,1.13969,1.13960,1120000,1000000
2016-04-03 21:57:41.960000,1.13968,1.13960,1100000,750000
2016-04-03 21:57:42.011000,1.13968,1.13957,1100000,1000000
2016-04-03 21:57:42.112000,1.13968,1.13948,1570000,1250000
2016-04-03 21:57:42.163000,1.13963,1.13946,1000000,1260000
2016-04-03 21:57:42.813000,1.13962,1.13943,1000000,1260000
2016-04-03 21:58:00.479000,1.13962,1.13943,1250000,1260000
2016-04-03 21:58:33.554000,1.13964,1.13938,2510000,3560000
2016-04-03 21:58:42.514000,1.13964,1.13939,2510000,1560000
2016-04-03 21:58:50.155000,1.13964,1.13946,2440000,1070000
2016-04-03 21:58:50.677000,1.13963,1.13946,1250000,1260000
2016-04-03 21:59:03.139000,1.13962,1.13947,750000,190000
2016-04-03 21:59:06.844000,1.13963,1.13947,190000,190000
2016-04-03 21:59:07.414000,1.13964,1.13948,2250000,190000
2016-04-03 21:59:12.565000,1.13963,1.13948,750000,190000
2016-04-03 21:59:16.234000,1.13963,1.13950,750000,190000
2016-04-03 21:59:16.285000,1.13965,1.13951,190000,750000
2016-04-03 21:59:16.386000,1.13965,1.13953,190000,750000
2016-04-03 21:59:18.118000,1.13969,1.13953,940000,750000
2016-04-03 21:59:30.098000,1.13969,1.13951,940000,820000
2016-04-03 21:59:35.925000,1.13968,1.13951,260000,190000
2016-04-03 21:59:45.505000,1.13967,1.13951,100000,190000
2016-04-03 21:59:46.016000,1.13966,1.13951,750000,190000
2016-04-03 21:59:51.797000,1.13967,1.13951,2320000,190000
2016-04-03 21:59:53.570000,1.13967,1.13950,1500000,190000
2016-04-03 21:59:56.646000,1.13966,1.13950,750000,190000
2016-04-03 21:59:57.482000,1.13966,1.13951,750000,190000
2016-04-03 22:00:00.119000,1.13965,1.13951,750000,190000
2016-04-03 22:00:00.271000,1.13963,1.13950,1500000,190000
2016-04-03 22:00:00.422000,1.13967,1.13953,3000000,1500000
2016-04-03 22:00:00.473000,1.13967,1.13960,3000000,1500000
2016-04-03 22:00:00.667000,1.13967,1.13957,3000000,1500000
2016-04-03 22:00:00.772000,1.13968,1.13955,190000,1500000
2016-04-03 22:00:01.295000,1.13967,1.13955,190000,1500000
2016-04-03 22:00:11.161000,1.13965,1.13955,100000,1500000
2016-04-03 22:00:11.573000,1.13967,1.13955,1010000,1500000
2016-04-03 22:00:13.852000,1.13961,1.13955,750000,1500000
2016-04-03 22:00:13.903000,1.13961,1.13952,750000,2250000
2016-04-03 22:00:15.185000,1.13963,1.13952,750000,1120000
2016-04-03 22:00:15.687000,1.13964,1.13952,4120000,3370000
2016-04-03 22:00:19.080000,1.13964,1.13951,4650000,110000
2016-04-03 22:00:24.147000,1.13963,1.13951,1120000,110000
2016-04-03 22:00:27.791000,1.13961,1.13951,750000,110000
2016-04-03 22:00:28.271000,1.13959,1.13950,1120000,110000
2016-04-03 22:00:28.576000,1.13956,1.13949,1500000,100000
2016-04-03 22:00:28.677000,1.13956,1.13945,1500000,370000
2016-04-03 22:00:31.597000,1.13954,1.13945,150000,370000
2016-04-03 22:00:32.700000,1.13956,1.13945,1500000,300000
2016-04-03 22:00:33.227000,1.13957,1.13945,1500000,300000
2016-04-03 22:00:35.426000,1.13958,1.13945,1500000,900000
2016-04-03 22:00:40.948000,1.13955,1.13945,1500000,900000
2016-04-03 22:00:41.015000,1.13956,1.13943,1500000,100000
2016-04-03 22:00:43.644000,1.13954,1.13943,450000,100000
2016-04-03 22:00:44.280000,1.13954,1.13945,600000,100000
2016-04-03 22:00:47.514000,1.13957,1.13945,1500000,100000
2016-04-03 22:00:48.143000,1.13957,1.13946,1500000,100000
2016-04-03 22:00:49.264000,1.13957,1.13945,1500000,100000
2016-04-03 22:00:50.439000,1.13957,1.13943,1500000,820000
2016-04-03 22:00:50.557000,1.13957,1.13945,1500000,100000
2016-04-03 22:00:54.020000,1.13957,1.13949,1500000,750000
2016-04-03 22:00:54.917000,1.13958,1.13949,1500000,750000
2016-04-03 22:00:56.632000,1.13957,1.13949,1500000,750000
2016-04-03 22:00:58.134000,1.13954,1.13949,600000,750000
2016-04-03 22:01:13.719000,1.13954,1.13943,4870000,940000
2016-04-03 22:01:13.871000,1.13951,1.13943,1500000,190000
2016-04-03 22:01:13.973000,1.13951,1.13940,1500000,100000
2016-04-03 22:01:14.487000,1.13951,1.13941,1500000,100000
2016-04-03 22:01:15.191000,1.13951,1.13939,1500000,260000
2016-04-03 22:01:16.026000,1.13951,1.13938,1500000,100000
2016-04-03 22:01:19.061000,1.13951,1.13939,750000,100000
2016-04-03 22:01:19.112000,1.13953,1.13939,1500000,100000
2016-04-03 22:01:19.675000,1.13953,1.13938,1500000,1500000
2016-04-03 22:01:20.349000,1.13953,1.13940,1500000,100000
2016-04-03 22:01:20.572000,1.13953,1.13938,1500000,1570000
2016-04-03 22:01:21.670000,1.13953,1.13942,750000,1120000
2016-04-03 22:01:22.220000,1.13954,1.13942,6370000,1120000
2016-04-03 22:01:28.407000,1.13953,1.13942,1500000,100000
2016-04-03 22:01:28.711000,1.13953,1.13940,1500000,1200000
2016-04-03 22:01:39.286000,1.13953,1.13938,1500000,3070000
2016-04-03 22:01:39.387000,1.13953,1.13940,1500000,100000
2016-04-03 22:01:44.195000,1.13951,1.13940,750000,100000
2016-04-03 22:01:44.247000,1.13951,1.13938,1500000,100000
2016-04-03 22:01:45.677000,1.13951,1.13945,1500000,1120000
2016-04-03 22:01:45.728000,1.13953,1.13945,1500000,1120000
2016-04-03 22:01:46.239000,1.13954,1.13946,1500000,1120000
2016-04-03 22:01:46.791000,1.13954,1.13948,1500000,1120000
2016-04-03 22:01:47.402000,1.13954,1.13946,1500000,2620000
2016-04-03 22:01:47.921000,1.13954,1.13947,370000,1120000
2016-04-03 22:01:48.911000,1.13954,1.13948,370000,1120000
2016-04-03 22:01:53.625000,1.13954,1.13947,1500000,1500000
2016-04-03 22:01:55.633000,1.13954,1.13946,1500000,1500000
2016-04-03 22:01:57.150000,1.13954,1.13944,2250000,1870000
2016-04-03 22:01:59.403000,1.13954,1.13943,3000000,1120000
2016-04-03 22:01:59.935000,1.13953,1.13943,1500000,1870000
2016-04-03 22:02:00.138000,1.13953,1.13945,1500000,1870000
2016-04-03 22:02:00.608000,1.13953,1.13942,1500000,1870000
2016-04-03 22:02:01.594000,1.13953,1.13943,1500000,100000
2016-04-03 22:02:02.098000,1.13953,1.13944,1500000,190000
2016-04-03 22:02:02.448000,1.13953,1.13942,1500000,1310000
2016-04-03 22:02:11.618000,1.13953,1.13944,1500000,1120000
2016-04-03 22:02:11.871000,1.13953,1.13942,1500000,190000
2016-04-03 22:02:14.694000,1.13953,1.13944,2250000,190000
2016-04-03 22:02:15.197000,1.13952,1.13944,750000,190000
2016-04-03 22:02:34.974000,1.13953,1.13944,1120000,190000
2016-04-03 22:02:36.004000,1.13952,1.13944,750000,190000
2016-04-03 22:02:36.830000,1.13953,1.13944,1120000,190000
2016-04-03 22:02:46.437000,1.13953,1.13943,1120000,190000
2016-04-03 22:02:56.973000,1.13954,1.13943,6370000,260000
2016-04-03 22:03:04.332000,1.13953,1.13943,750000,100000
2016-04-03 22:03:04.885000,1.13954,1.13942,3750000,190000
2016-04-03 22:03:06.288000,1.13953,1.13942,750000,190000
2016-04-03 22:03:06.791000,1.13952,1.13942,750000,190000
2016-04-03 22:03:06.842000,1.13954,1.13942,3750000,190000
2016-04-03 22:03:07.115000,1.13952,1.13942,750000,190000
2016-04-03 22:03:07.801000,1.13953,1.13942,2620000,190000
2016-04-03 22:03:09.446000,1.13952,1.13942,750000,190000
2016-04-03 22:03:12.545000,1.13952,1.13943,750000,190000
2016-04-03 22:03:14.157000,1.13953,1.13943,2620000,190000
2016-04-03 22:03:14.291000,1.13952,1.13941,750000,190000
2016-04-03 22:03:19.422000,1.13953,1.13941,3000000,190000
2016-04-03 22:03:30.779000,1.13952,1.13941,750000,190000
2016-04-03 22:03:36.750000,1.13953,1.13941,4120000,190000
2016-04-03 22:03:39.782000,1.13952,1.13941,1500000,190000
2016-04-03 22:03:40.829000,1.13952,1.13942,1500000,100000
2016-04-03 22:03:43.897000,1.13951,1.13942,750000,100000
2016-04-03 22:03:44.420000,1.13952,1.13941,750000,190000
2016-04-03 22:03:48.497000,1.13952,1.13940,750000,260000
2016-04-03 22:03:51.186000,1.13951,1.13940,750000,260000
2016-04-03 22:03:51.591000,1.13948,1.13941,1870000,190000
2016-04-03 22:03:51.905000,1.13949,1.13943,3000000,190000
2016-04-03 22:04:13.002000,1.13943,1.13939,1000000,1310000
2016-04-03 22:04:13.504000,1.13944,1.13939,6370000,1190000
2016-04-03 22:04:16.111000,1.13945,1.13939,1000000,1190000
2016-04-03 22:04:16.416000,1.13944,1.13935,1450000,1190000
2016-04-03 22:04:16.835000,1.13944,1.13935,1450000,1000000
2016-04-03 22:04:27.996000,1.13945,1.13936,3820000,1120000
2016-04-03 22:04:28.048000,1.13944,1.13936,2250000,1120000
2016-04-03 22:04:28.762000,1.13944,1.13937,2250000,1000000
2016-04-03 22:04:30.315000,1.13944,1.13937,2250000,1190000
2016-04-03 22:05:06.373000,1.13943,1.13935,1120000,1190000
2016-04-03 22:05:06.481000,1.13943,1.13934,1120000,2620000
2016-04-03 22:05:07.066000,1.13944,1.13934,2620000,2620000
2016-04-03 22:05:07.369000,1.13944,1.13939,1000000,2440000
2016-04-03 22:05:07.421000,1.13948,1.13939,1000000,2440000
2016-04-03 22:05:07.674000,1.13952,1.13938,1600000,3370000
2016-04-03 22:05:08.267000,1.13953,1.13938,2360000,2060000
2016-04-03 22:05:18.212000,1.13952,1.13938,1850000,3640000
2016-04-03 22:05:18.364000,1.13952,1.13938,1700000,2890000
2016-04-03 22:05:18.415000,1.13953,1.13940,3560000,1870000
2016-04-03 22:05:18.618000,1.13954,1.13941,4120000,1870000
2016-04-03 22:05:19.174000,1.13953,1.13941,1870000,1870000
2016-04-03 22:05:21.371000,1.13954,1.13941,6370000,1870000
2016-04-03 22:05:22.780000,1.13954,1.13941,4870000,1500000
2016-04-03 22:05:23.992000,1.13953,1.13941,1000000,1570000
2016-04-03 22:05:28.119000,1.13954,1.13941,2620000,1950000
2016-04-03 22:05:28.628000,1.13954,1.13941,1500000,1570000
2016-04-03 22:05:30.118000,1.13954,1.13941,3370000,1950000
2016-04-03 22:05:30.626000,1.13954,1.13941,1500000,1570000
2016-04-03 22:05:31.223000,1.13954,1.13941,1500000,1950000
2016-04-03 22:05:35.687000,1.13954,1.13944,1000000,1000000
2016-04-03 22:05:36.571000,1.13954,1.13947,1870000,1000000
2016-04-03 22:05:36.875000,1.13963,1.13955,1190000,3220000
2016-04-03 22:05:39.430000,1.13965,1.13955,1190000,3220000
2016-04-03 22:05:42.730000,1.13964,1.13954,1190000,1120000
2016-04-03 22:05:49.105000,1.13963,1.13954,1190000,1120000
2016-04-03 22:05:53.426000,1.13962,1.13955,1190000,1120000
2016-04-03 22:05:59.730000,1.13962,1.13956,1190000,2620000
2016-04-03 22:06:00.252000,1.13965,1.13957,1190000,4870000
2016-04-03 22:06:02.849000,1.13963,1.13957,1190000,2250000
2016-04-03 22:06:02.900000,1.13962,1.13954,1250000,1120000
2016-04-03 22:06:03.448000,1.13963,1.13955,1190000,1120000
2016-04-03 22:06:10.365000,1.13963,1.13954,1190000,1120000
2016-04-03 22:06:10.870000,1.13962,1.13955,1190000,1120000
2016-04-03 22:06:14.237000,1.13962,1.13954,1190000,1120000
2016-04-03 22:06:19.677000,1.13963,1.13955,1310000,1120000
2016-04-03 22:06:20.253000,1.13963,1.13954,1190000,1120000
2016-04-03 22:06:22.058000,1.13955,1.13952,1120000,3750000
2016-04-03 22:06:22.295000,1.13954,1.13951,1500000,1000000
2016-04-03 22:06:22.346000,1.13957,1.13951,1500000,1000000
2016-04-03 22:06:22.458000,1.13957,1.13951,1450000,1000000
2016-04-03 22:06:22.611000,1.13952,1.13947,1450000,1500000
2016-04-03 22:06:22.712000,1.13950,1.13942,1760000,2060000
2016-04-03 22:06:23.261000,1.13952,1.13944,1950000,1000000
2016-04-03 22:06:25.315000,1.13952,1.13944,2700000,1000000
2016-04-03 22:06:25.935000,1.13952,1.13944,1950000,1000000
2016-04-03 22:06:26.639000,1.13952,1.13944,1450000,1000000
2016-04-03 22:06:27.170000,1.13952,1.13944,1450000,1000000
2016-04-03 22:06:28.322000,1.13952,1.13944,1450000,1000000
2016-04-03 22:06:28.647000,1.13952,1.13942,1450000,1950000
2016-04-03 22:06:32.434000,1.13951,1.13942,1200000,1120000
2016-04-03 22:06:32.942000,1.13951,1.13942,1450000,1120000
2016-04-03 22:06:35.642000,1.13951,1.13942,1200000,1120000
2016-04-03 22:06:36.205000,1.13951,1.13942,1450000,1120000
2016-04-03 22:06:36.845000,1.13951,1.13942,1200000,1120000
2016-04-03 22:06:37.355000,1.13953,1.13942,1000000,1120000
2016-04-03 22:06:37.860000,1.13954,1.13942,3000000,1870000
2016-04-03 22:06:41.636000,1.13954,1.13941,1120000,5250000
2016-04-03 22:06:42.378000,1.13952,1.13941,1120000,4120000
2016-04-03 22:06:42.682000,1.13949,1.13941,2250000,1120000
2016-04-03 22:06:43.187000,1.13949,1.13940,1500000,1500000
2016-04-03 22:06:46.668000,1.13949,1.13942,1000000,1120000
2016-04-03 22:06:54.994000,1.13949,1.13942,1000000,3370000
2016-04-03 22:06:55.528000,1.13951,1.13942,1690000,3370000
2016-04-03 22:06:56.197000,1.13951,1.13942,1690000,4870000
2016-04-03 22:06:56.832000,1.13949,1.13942,1000000,4120000
2016-04-03 22:07:02.364000,1.13953,1.13943,1500000,1120000
2016-04-03 22:07:03.043000,1.13954,1.13944,1500000,1120000
2016-04-03 22:07:07.113000,1.13954,1.13944,1500000,1370000
2016-04-03 22:07:07.434000,1.13954,1.13946,1500000,1460000
2016-04-03 22:07:11.947000,1.13954,1.13946,1500000,1500000
2016-04-03 22:07:57.747000,1.13953,1.13946,1000000,1500000
2016-04-03 22:08:12.701000,1.13955,1.13946,1500000,1370000
2016-04-03 22:08:52.273000,1.13942,1.13941,3370000,1000000
2016-04-03 22:08:52.344000,1.13939,1.13931,1870000,1570000
2016-04-03 22:08:53.303000,1.13935,1.13930,1120000,1070000
2016-04-03 22:08:53.506000,1.13939,1.13931,3000000,1100000
2016-04-03 22:08:54.382000,1.13939,1.13929,2620000,1270000
2016-04-03 22:08:54.921000,1.13934,1.13930,1500000,1000000
2016-04-03 22:08:55.459000,1.13934,1.13929,1500000,1100000
2016-04-03 22:08:56,1.13934,1.13930,1500000,1000000
2016-04-03 22:08:56.920000,1.13934,1.13928,1500000,1070000
2016-04-03 22:08:59.281000,1.13934,1.13931,1500000,1000000
2016-04-03 22:09:01.700000,1.13934,1.13931,1500000,1190000
2016-04-03 22:09:09.423000,1.13935,1.13931,2250000,1190000
2016-04-03 22:09:09.755000,1.13917,1.13915,1000000,1000000
2016-04-03 22:09:09.806000,1.13918,1.13911,1000000,1190000
2016-04-03 22:09:09.857000,1.13918,1.13907,1000000,1500000
2016-04-03 22:09:09.908000,1.13914,1.13908,4870000,1500000
2016-04-03 22:09:10.010000,1.13916,1.13904,1500000,1500000
2016-04-03 22:09:10.112000,1.13914,1.13899,5250000,3190000
2016-04-03 22:09:10.516000,1.13914,1.13901,8250000,1690000
2016-04-03 22:09:11.047000,1.13914,1.13905,8250000,1000000
2016-04-03 22:09:12.231000,1.13914,1.13903,4500000,3370000
2016-04-03 22:09:12.850000,1.13914,1.13904,8250000,2720000
2016-04-03 22:09:12.902000,1.13914,1.13902,9370000,1500000
2016-04-03 22:09:13.711000,1.13915,1.13902,9370000,1690000
2016-04-03 22:09:14.333000,1.13914,1.13902,9370000,1690000
2016-04-03 22:09:14.631000,1.13914,1.13904,9370000,1000000
2016-04-03 22:09:15.163000,1.13914,1.13903,8250000,1500000
2016-04-03 22:09:15.674000,1.13914,1.13904,8250000,1000000
2016-04-03 22:09:16.078000,1.13914,1.13906,8250000,1000000
2016-04-03 22:09:16.599000,1.13914,1.13904,8250000,1690000
2016-04-03 22:09:30.110000,1.13914,1.13903,1120000,1690000
2016-04-03 22:09:32.830000,1.13905,1.13903,1500000,1500000
2016-04-03 22:09:33.362000,1.13896,1.13895,3750000,2440000
2016-04-03 22:09:33.414000,1.13896,1.13894,5250000,1000000
2016-04-03 22:09:33.670000,1.13896,1.13887,5250000,1690000
2016-04-03 22:09:34.026000,1.13896,1.13894,5250000,1000000
2016-04-03 22:09:34.559000,1.13895,1.13893,1500000,1000000
2016-04-03 22:09:34.874000,1.13895,1.13886,1500000,3860000
2016-04-03 22:09:34.976000,1.13895,1.13893,1500000,1000000
2016-04-03 22:09:37.782000,1.13895,1.13888,2620000,2850000
2016-04-03 22:09:39.042000,1.13896,1.13888,2620000,1190000
2016-04-03 22:09:39.569000,1.13895,1.13888,1500000,2850000
2016-04-03 22:09:49.640000,1.13895,1.13890,3370000,1190000
2016-04-03 22:09:50.002000,1.13895,1.13890,3370000,1190000
2016-04-03 22:09:55.051000,1.13895,1.13888,2810000,2850000
2016-04-03 22:09:57.874000,1.13895,1.13889,11060000,1000000
2016-04-03 22:09:58.380000,1.13895,1.13888,11060000,2100000
2016-04-03 22:09:58.744000,1.13890,1.13885,2620000,1000000
2016-04-03 22:09:58.795000,1.13891,1.13882,1500000,1000000
2016-04-03 22:10:00.899000,1.13890,1.13885,2250000,1120000
2016-04-03 22:10:01.304000,1.13890,1.13883,2250000,1310000
2016-04-03 22:10:03.285000,1.13890,1.13882,1870000,4950000
2016-04-03 22:10:03.337000,1.13895,1.13884,4870000,1690000
2016-04-03 22:10:03.660000,1.13895,1.13884,4870000,2440000
2016-04-03 22:10:04.181000,1.13895,1.13887,11620000,1120000
2016-04-03 22:10:05.920000,1.13895,1.13887,4870000,2060000
2016-04-03 22:10:10.482000,1.13895,1.13889,5060000,1000000
2016-04-03 22:10:10.904000,1.13895,1.13891,4870000,1310000
2016-04-03 22:10:13.115000,1.13895,1.13889,11060000,2620000
2016-04-03 22:10:13.318000,1.13895,1.13893,10870000,1000000
2016-04-03 22:10:14.733000,1.13896,1.13894,8620000,1000000
2016-04-03 22:10:15.271000,1.13895,1.13894,4500000,1000000
2016-04-03 22:10:17.706000,1.13895,1.13888,8810000,2100000
2016-04-03 22:10:18.130000,1.13895,1.13888,8810000,3410000
2016-04-03 22:10:18.535000,1.13895,1.13889,8810000,1120000
2016-04-03 22:10:19.142000,1.13895,1.13884,6560000,2100000
2016-04-03 22:10:19.894000,1.13890,1.13885,1500000,1540000
2016-04-03 22:10:20.940000,1.13890,1.13887,1120000,1690000
2016-04-03 22:10:21.056000,1.13895,1.13888,10120000,2440000
2016-04-03 22:10:21.462000,1.13895,1.13885,9560000,1270000
2016-04-03 22:10:21.693000,1.13890,1.13885,1120000,1300000
2016-04-03 22:10:26.206000,1.13891,1.13882,2620000,1250000
2016-04-03 22:10:26.307000,1.13890,1.13885,1500000,1300000
2016-04-03 22:10:26.409000,1.13895,1.13885,9560000,1270000
2016-04-03 22:10:34.663000,1.13888,1.13882,1120000,2250000
2016-04-03 22:10:34.764000,1.13890,1.13883,1500000,1120000
2016-04-03 22:10:35.271000,1.13890,1.13882,1500000,1870000
2016-04-03 22:10:35.951000,1.13890,1.13883,1500000,1120000
2016-04-03 22:10:36.528000,1.13890,1.13882,1500000,1870000
2016-04-03 22:10:46.005000,1.13888,1.13882,1000000,1000000
2016-04-03 22:10:46.643000,1.13887,1.13882,1000000,1000000
2016-04-03 22:10:46.745000,1.13890,1.13882,7120000,1000000
2016-04-03 22:10:46.846000,1.13890,1.13878,6370000,2320000
2016-04-03 22:10:47.361000,1.13890,1.13881,6370000,1000000
2016-04-03 22:10:50.788000,1.13890,1.13882,6370000,1000000
2016-04-03 22:10:52.597000,1.13890,1.13881,6370000,1120000
2016-04-03 22:10:57.608000,1.13890,1.13882,6370000,1000000
2016-04-03 22:10:59.427000,1.13890,1.13881,6370000,1870000
2016-04-03 22:10:59.946000,1.13890,1.13882,6370000,1000000
2016-04-03 22:11:03.506000,1.13890,1.13883,6370000,1120000
2016-04-03 22:11:04.015000,1.13890,1.13882,6370000,2620000
2016-04-03 22:11:05.707000,1.13890,1.13881,6370000,2250000
2016-04-03 22:11:06.919000,1.13890,1.13882,4500000,1000000
2016-04-03 22:11:07.425000,1.13893,1.13883,6190000,1000000
2016-04-03 22:11:08.028000,1.13893,1.13882,6190000,1000000
2016-04-03 22:11:10.170000,1.13893,1.13880,6670000,5290000
2016-04-03 22:11:12.001000,1.13890,1.13880,1050000,2100000
2016-04-03 22:11:12.545000,1.13890,1.13880,1050000,3040000
2016-04-03 22:11:15.149000,1.13893,1.13880,4540000,2890000
2016-04-03 22:11:21.643000,1.13893,1.13882,3790000,1500000
2016-04-03 22:11:22.390000,1.13893,1.13883,3790000,1500000
2016-04-03 22:11:22.894000,1.13893,1.13884,3790000,4390000
2016-04-03 22:11:26.734000,1.13893,1.13884,5910000,1000000
2016-04-03 22:11:27.240000,1.13893,1.13883,3190000,1000000
2016-04-03 22:11:27.571000,1.13893,1.13883,6940000,1250000
2016-04-03 22:11:27.902000,1.13893,1.13882,6190000,1250000
2016-04-03 22:11:28.658000,1.13892,1.13882,1190000,1250000
2016-04-03 22:11:28.986000,1.13893,1.13882,6190000,1250000
2016-04-03 22:11:29.315000,1.13889,1.13882,1120000,1250000
2016-04-03 22:11:29.840000,1.13890,1.13882,6370000,1000000
2016-04-03 22:11:30.368000,1.13890,1.13882,6560000,1250000
2016-04-03 22:11:30.898000,1.13890,1.13882,4870000,1000000
2016-04-03 22:11:31.750000,1.13893,1.13882,4540000,1250000
2016-04-03 22:11:34.079000,1.13893,1.13882,6190000,1690000
2016-04-03 22:11:34.515000,1.13893,1.13882,6000000,1690000
2016-04-03 22:11:34.719000,1.13893,1.13882,6000000,1000000
2016-04-03 22:11:34.829000,1.13890,1.13882,1190000,1000000
2016-04-03 22:11:35.082000,1.13893,1.13882,7690000,1000000
2016-04-03 22:11:36.188000,1.13891,1.13882,1190000,1000000
2016-04-03 22:11:36.524000,1.13889,1.13882,1190000,1000000
2016-04-03 22:11:37.062000,1.13893,1.13882,7690000,1000000
2016-04-03 22:11:37.287000,1.13891,1.13882,1190000,1000000
2016-04-03 22:11:37.638000,1.13889,1.13882,1190000,1000000
2016-04-03 22:11:38.590000,1.13893,1.13882,6940000,1000000
2016-04-03 22:11:38.808000,1.13891,1.13882,1190000,1000000
2016-04-03 22:11:39.163000,1.13889,1.13882,1190000,1000000
2016-04-03 22:11:40.015000,1.13893,1.13882,7690000,1000000
2016-04-03 22:11:40.525000,1.13891,1.13882,1190000,1000000
2016-04-03 22:11:40.898000,1.13889,1.13882,1190000,1000000
2016-04-03 22:11:43.870000,1.13890,1.13882,2400000,1000000
2016-04-03 22:11:44.679000,1.13893,1.13882,7690000,1000000
2016-04-03 22:11:51.561000,1.13890,1.13882,1870000,1000000
2016-04-03 22:11:56.596000,1.13893,1.13882,7690000,1000000
2016-04-03 22:11:57.141000,1.13893,1.13883,7690000,2060000
2016-04-03 22:11:57.192000,1.13890,1.13882,1870000,1540000
2016-04-03 22:12:00.151000,1.13889,1.13882,1190000,1000000
2016-04-03 22:12:01.490000,1.13888,1.13881,2060000,1050000
2016-04-03 22:12:01.991000,1.13888,1.13881,1190000,1050000
2016-04-03 22:12:03.680000,1.13886,1.13881,1190000,1540000
2016-04-03 22:12:04.228000,1.13886,1.13880,1190000,3190000
2016-04-03 22:12:05.509000,1.13886,1.13880,1190000,4240000
2016-04-03 22:12:06.194000,1.13886,1.13880,1000000,4760000
2016-04-03 22:12:06.704000,1.13887,1.13880,1250000,3900000
2016-04-03 22:12:07.297000,1.13888,1.13880,2440000,4650000
2016-04-03 22:12:08.018000,1.13888,1.13881,2440000,1160000
2016-04-03 22:12:09.894000,1.13887,1.13881,1250000,1160000
2016-04-03 22:12:16.542000,1.13887,1.13880,1840000,1120000
2016-04-03 22:12:16.921000,1.13883,1.13880,1500000,1120000
2016-04-03 22:12:17.239000,1.13886,1.13880,1340000,1120000
2016-04-03 22:12:22.625000,1.13886,1.13881,1190000,1000000
2016-04-03 22:12:22.948000,1.13887,1.13881,3940000,1000000
2016-04-03 22:12:27.403000,1.13887,1.13880,3940000,1120000
2016-04-03 22:12:27.671000,1.13887,1.13880,3940000,1120000
2016-04-03 22:12:28.364000,1.13886,1.13881,1190000,1000000
2016-04-03 22:12:30.273000,1.13886,1.13880,1190000,7350000
2016-04-03 22:12:30.822000,1.13886,1.13881,1190000,1000000
2016-04-03 22:12:31.488000,1.13886,1.13880,1190000,3860000
2016-04-03 22:12:31.919000,1.13882,1.13880,1000000,2620000
2016-04-03 22:12:32.513000,1.13883,1.13880,1250000,2620000
2016-04-03 22:12:34.828000,1.13883,1.13882,1250000,1870000
2016-04-03 22:12:34.929000,1.13887,1.13883,1690000,1500000
2016-04-03 22:12:35.031000,1.13889,1.13883,1190000,1870000
2016-04-03 22:12:35.286000,1.13891,1.13883,1690000,1000000
2016-04-03 22:12:35.833000,1.13889,1.13882,1190000,5740000
2016-04-03 22:12:36.338000,1.13890,1.13882,1190000,5740000
2016-04-03 22:12:38.553000,1.13888,1.13882,1190000,1050000
2016-04-03 22:12:51.699000,1.13891,1.13885,1190000,1050000
2016-04-03 22:12:57.199000,1.13890,1.13883,2210000,1490000
2016-04-03 22:12:57.301000,1.13889,1.13881,1690000,1540000
2016-04-03 22:12:57.706000,1.13888,1.13882,1190000,3220000
2016-04-03 22:12:58.792000,1.13888,1.13881,1190000,1050000
2016-04-03 22:13:00.660000,1.13886,1.13880,1190000,3000000
2016-04-03 22:13:01.961000,1.13886,1.13879,1190000,2850000
2016-04-03 22:13:02.477000,1.13886,1.13880,1190000,2620000
2016-04-03 22:13:03.072000,1.13886,1.13882,1190000,1000000
2016-04-03 22:13:03.409000,1.13887,1.13882,1690000,1000000
2016-04-03 22:13:03.920000,1.13887,1.13881,1690000,1460000
2016-04-03 22:13:03.972000,1.13886,1.13880,1190000,2590000
2016-04-03 22:13:04.392000,1.13886,1.13879,1190000,3750000
2016-04-03 22:13:04.494000,1.13886,1.13881,1190000,1000000
2016-04-03 22:13:04.545000,1.13887,1.13881,1690000,1000000
2016-04-03 22:13:10.913000,1.13887,1.13882,1690000,1000000
2016-04-03 22:13:11.459000,1.13887,1.13880,1250000,3340000
2016-04-03 22:13:11.917000,1.13886,1.13880,1190000,2660000
2016-04-03 22:13:16.239000,1.13886,1.13880,1190000,3370000
2016-04-03 22:13:23.128000,1.13886,1.13879,1190000,3820000
2016-04-03 22:13:23.765000,1.13886,1.13880,1190000,1870000
2016-04-03 22:13:24.281000,1.13886,1.13879,1190000,4500000
2016-04-03 22:13:24.804000,1.13886,1.13880,1190000,1870000
2016-04-03 22:13:27.542000,1.13886,1.13879,1190000,4570000
2016-04-03 22:13:28.057000,1.13886,1.13880,1190000,1870000
2016-04-03 22:13:30.249000,1.13886,1.13879,1190000,3820000
2016-04-03 22:13:31.004000,1.13886,1.13880,1190000,1870000
2016-04-03 22:13:31.954000,1.13886,1.13879,1190000,3820000
2016-04-03 22:13:32.504000,1.13886,1.13880,1190000,1870000
2016-04-03 22:13:33.059000,1.13886,1.13879,1190000,3820000
2016-04-03 22:13:33.668000,1.13886,1.13880,1190000,1870000
2016-04-03 22:13:33.972000,1.13887,1.13882,1190000,1000000
2016-04-03 22:13:34.522000,1.13887,1.13880,1190000,5740000
2016-04-03 22:13:37.570000,1.13887,1.13882,1190000,1000000
2016-04-03 22:13:54.179000,1.13887,1.13883,1190000,1000000
2016-04-03 22:13:54.230000,1.13889,1.13883,1000000,1500000
2016-04-03 22:13:54.932000,1.13891,1.13883,2440000,1500000
2016-04-03 22:14:04.130000,1.13890,1.13883,3040000,1500000
2016-04-03 22:14:10.611000,1.13890,1.13883,1190000,1500000
2016-04-03 22:14:20.619000,1.13890,1.13884,1190000,1500000
2016-04-03 22:14:20.980000,1.13892,1.13884,5440000,1500000
2016-04-03 22:14:22.974000,1.13892,1.13884,5250000,2320000
2016-04-03 22:14:23.026000,1.13892,1.13887,5250000,1000000
2016-04-03 22:14:23.571000,1.13892,1.13886,4690000,2290000
2016-04-03 22:14:34.916000,1.13892,1.13886,6940000,1540000
2016-04-03 22:14:36.251000,1.13890,1.13886,1190000,1040000
2016-04-03 22:14:36.760000,1.13888,1.13882,1190000,2060000
2016-04-03 22:14:47.230000,1.13888,1.13883,1190000,1000000
2016-04-03 22:14:47.864000,1.13888,1.13882,1190000,2740000
2016-04-03 22:14:51.554000,1.13888,1.13883,1190000,1000000
2016-04-03 22:14:56.055000,1.13888,1.13884,1190000,1000000
2016-04-03 22:15:00.595000,1.13888,1.13882,1190000,3490000
2016-04-03 22:15:01.244000,1.13890,1.13882,1500000,3490000
2016-04-03 22:15:03.117000,1.13890,1.13883,1000000,1000000
2016-04-03 22:15:03.818000,1.13891,1.13883,2250000,1500000
2016-04-03 22:15:04.320000,1.13891,1.13883,2440000,1500000
2016-04-03 22:15:12.206000,1.13891,1.13883,1690000,1500000
2016-04-03 22:15:12.717000,1.13892,1.13885,6750000,3070000
2016-04-03 22:15:35.341000,1.13890,1.13885,1000000,3970000
2016-04-03 22:15:35.443000,1.13890,1.13882,3070000,4420000
2016-04-03 22:15:36.061000,1.13889,1.13882,1500000,2920000
2016-04-03 22:15:36.567000,1.13890,1.13882,3450000,2170000
2016-04-03 22:15:37.080000,1.13889,1.13882,1500000,2170000
2016-04-03 22:15:38.120000,1.13890,1.13882,3450000,2170000
2016-04-03 22:15:38.722000,1.13889,1.13882,1500000,2170000
2016-04-03 22:15:52.148000,1.13889,1.13881,3000000,3670000
2016-04-03 22:15:56.518000,1.13889,1.13883,1500000,1000000
2016-04-03 22:16:16.460000,1.13889,1.13881,1000000,3300000
2016-04-03 22:16:19.394000,1.13888,1.13880,1000000,6300000
2016-04-03 22:16:21.087000,1.13890,1.13882,2400000,1690000
2016-04-03 22:16:23.188000,1.13888,1.13882,1000000,2440000
2016-04-03 22:16:24.522000,1.13889,1.13882,1500000,1690000
2016-04-03 22:16:25.355000,1.13888,1.13882,1000000,1690000
2016-04-03 22:16:29.244000,1.13887,1.13882,1000000,1690000
2016-04-03 22:16:30.082000,1.13888,1.13882,1000000,1690000
2016-04-03 22:16:31.468000,1.13887,1.13882,1120000,1690000
2016-04-03 22:16:32.019000,1.13887,1.13881,1500000,1190000
2016-04-03 22:16:41.068000,1.13888,1.13880,3000000,3190000
2016-04-03 22:16:41.785000,1.13887,1.13881,1000000,1190000
2016-04-03 22:16:47.600000,1.13887,1.13881,2250000,1250000
2016-04-03 22:17:04.540000,1.13887,1.13880,3750000,4870000
2016-04-03 22:17:19.714000,1.13887,1.13881,3000000,1690000
2016-04-03 22:17:57.550000,1.13888,1.13881,1500000,3560000
2016-04-03 22:17:57.804000,1.13888,1.13882,1500000,1250000
2016-04-03 22:17:57.956000,1.13890,1.13882,2250000,3560000
2016-04-03 22:17:58.058000,1.13890,1.13882,2250000,2590000
2016-04-03 22:17:58.569000,1.13891,1.13885,1500000,1250000
2016-04-03 22:18:23.209000,1.13892,1.13884,7420000,2920000
2016-04-03 22:18:26.757000,1.13892,1.13884,7420000,1990000
2016-04-03 22:18:32.328000,1.13890,1.13884,1120000,1990000
2016-04-03 22:18:32.632000,1.13889,1.13881,1780000,1690000
2016-04-03 22:18:33.171000,1.13889,1.13881,1780000,2440000
2016-04-03 22:18:33.983000,1.13889,1.13881,1500000,2440000
2016-04-03 22:18:34.531000,1.13890,1.13882,1500000,1690000
2016-04-03 22:19:15.410000,1.13889,1.13882,1000000,1190000
2016-04-03 22:19:15.964000,1.13888,1.13881,1500000,1690000
2016-04-03 22:19:20.757000,1.13888,1.13882,1000000,1190000
2016-04-03 22:19:20.859000,1.13890,1.13882,2250000,1690000
2016-04-03 22:19:23.144000,1.13889,1.13882,1000000,1190000
2016-04-03 22:19:26.285000,1.13892,1.13885,6750000,1250000
2016-04-03 22:21:01.013000,1.13892,1.13884,4500000,9220000
2016-04-03 22:21:01.546000,1.13892,1.13885,7500000,1500000
2016-04-03 22:21:02.542000,1.13892,1.13884,4500000,9970000
2016-04-03 22:21:03.253000,1.13892,1.13885,6750000,1500000
2016-04-03 22:23:20.355000,1.13892,1.13885,6000000,2440000
2016-04-03 22:23:23.196000,1.13891,1.13885,1000000,3190000
2016-04-03 22:24:18.545000,1.13891,1.13885,1500000,2700000
2016-04-03 22:24:27.540000,1.13891,1.13885,1500000,2440000
2016-04-03 22:24:47.181000,1.13891,1.13889,1000000,1870000
2016-04-03 22:24:47.232000,1.13896,1.13895,2250000,1500000
2016-04-03 22:24:47.283000,1.13895,1.13894,1180000,6750000
2016-04-03 22:24:47.788000,1.13897,1.13890,5760000,1240000
2016-04-03 22:24:48.092000,1.13899,1.13895,1000000,2060000
2016-04-03 22:24:48.343000,1.13901,1.13896,1000000,2440000
2016-04-03 22:24:48.394000,1.13904,1.13896,2620000,2440000
2016-04-03 22:24:48.908000,1.13905,1.13897,2250000,1690000
2016-04-03 22:24:50.330000,1.13905,1.13900,1000000,1120000
2016-04-03 22:24:50.871000,1.13906,1.13900,1500000,1690000
2016-04-03 22:24:56.354000,1.13908,1.13900,2250000,3190000
2016-04-03 22:25:12.359000,1.13907,1.13900,1000000,3190000
2016-04-03 22:25:14.906000,1.13908,1.13900,2250000,3190000
2016-04-03 22:25:16.356000,1.13908,1.13901,2250000,1120000
2016-04-03 22:25:18.030000,1.13908,1.13900,2250000,6560000
2016-04-03 22:25:18.942000,1.13908,1.13902,2250000,1000000
2016-04-03 22:25:19.448000,1.13908,1.13901,1190000,2660000
2016-04-03 22:25:20.349000,1.13908,1.13901,1190000,1500000
2016-04-03 22:25:43.143000,1.13908,1.13900,2440000,5620000
2016-04-03 22:25:51.680000,1.13908,1.13905,2440000,1500000
2016-04-03 22:25:51.921000,1.13909,1.13903,1250000,1040000
2016-04-03 22:25:52.485000,1.13909,1.13905,1250000,1500000
2016-04-03 22:25:53.213000,1.13909,1.13902,1690000,1000000
2016-04-03 22:25:53.809000,1.13909,1.13901,1690000,4160000
2016-04-03 22:25:56.249000,1.13908,1.13901,1190000,1540000
2016-04-03 22:25:57.330000,1.13908,1.13902,1190000,1000000
2016-04-03 22:25:57.900000,1.13908,1.13901,1190000,2660000
2016-04-03 22:26:17.071000,1.13908,1.13902,2440000,1000000
2016-04-03 22:26:17.580000,1.13908,1.13901,2440000,1910000
2016-04-03 22:26:21.544000,1.13911,1.13905,2440000,1500000
2016-04-03 22:26:22.244000,1.13910,1.13905,1000000,1500000
2016-04-03 22:26:22.397000,1.13907,1.13900,1690000,1540000
2016-04-03 22:27:36.842000,1.13908,1.13900,2250000,2290000
2016-04-03 22:27:37.346000,1.13907,1.13900,1000000,3790000
2016-04-03 22:27:38.443000,1.13908,1.13900,1500000,2290000
2016-04-03 22:27:43.108000,1.13907,1.13900,1500000,1540000
2016-04-03 22:28:10.617000,1.13907,1.13899,1500000,4720000
2016-04-03 22:28:12.157000,1.13907,1.13900,1500000,1720000
2016-04-03 22:28:12.705000,1.13907,1.13900,1500000,1720000
2016-04-03 22:28:31.015000,1.13907,1.13901,2250000,1000000
2016-04-03 22:28:31.066000,1.13907,1.13906,1000000,1000000
2016-04-03 22:28:31.117000,1.13909,1.13906,1000000,1000000
2016-04-03 22:28:31.168000,1.13906,1.13902,1120000,3220000
2016-04-03 22:28:31.270000,1.13907,1.13902,1500000,1000000
2016-04-03 22:28:31.553000,1.13909,1.13901,1950000,1500000
2016-04-03 22:28:31.654000,1.13907,1.13901,1000000,1000000
2016-04-03 22:28:32.176000,1.13907,1.13900,1500000,1300000
2016-04-03 22:28:32.488000,1.13906,1.13898,1500000,1500000
2016-04-03 22:28:32.539000,1.13904,1.13898,1000000,1000000
2016-04-03 22:28:33.119000,1.13904,1.13897,1500000,1250000
2016-04-03 22:28:43.125000,1.13905,1.13897,2250000,1690000
2016-04-03 22:28:50.590000,1.13905,1.13897,2250000,3560000
2016-04-03 22:28:53.261000,1.13905,1.13899,2250000,1000000
2016-04-03 22:28:54.414000,1.13905,1.13900,2250000,2060000
2016-04-03 22:28:54.952000,1.13906,1.13901,1000000,1250000
2016-04-03 22:28:55.300000,1.13904,1.13898,1000000,1190000
2016-04-03 22:29:00.365000,1.13904,1.13898,1500000,1250000
2016-04-03 22:29:03.030000,1.13904,1.13903,1500000,1870000
2016-04-03 22:29:03.132000,1.13909,1.13903,2060000,1000000
2016-04-03 22:29:03.183000,1.13909,1.13901,2810000,4120000
2016-04-03 22:29:03.234000,1.13905,1.13901,1120000,2660000
2016-04-03 22:29:03.335000,1.13907,1.13901,1500000,2660000
2016-04-03 22:29:03.639000,1.13905,1.13898,1370000,3220000
2016-04-03 22:29:03.791000,1.13904,1.13897,1870000,1310000
2016-04-03 22:29:09.074000,1.13904,1.13899,1870000,1000000
2016-04-03 22:29:15.110000,1.13904,1.13900,1870000,1250000
2016-04-03 22:29:31.898000,1.13905,1.13901,2620000,1000000
2016-04-03 22:29:32.001000,1.13907,1.13901,1870000,1870000
2016-04-03 22:29:35.006000,1.13907,1.13903,1870000,1000000
2016-04-03 22:29:35.451000,1.13910,1.13906,1190000,1050000
2016-04-03 22:29:41.605000,1.13910,1.13905,1000000,4910000
2016-04-03 22:29:41.715000,1.13913,1.13905,2060000,4910000
2016-04-03 22:29:53.989000,1.13912,1.13905,2590000,1040000
2016-04-03 22:29:54.092000,1.13912,1.13904,3410000,3000000
2016-04-03 22:29:54.295000,1.13908,1.13900,4120000,3190000
2016-04-03 22:29:54.807000,1.13906,1.13898,2620000,1690000
2016-04-03 22:29:58.514000,1.13906,1.13900,1870000,1120000
2016-04-03 22:29:59.017000,1.13907,1.13901,3750000,1000000
2016-04-03 22:29:59.426000,1.13907,1.13899,3000000,2440000
2016-04-03 22:30:03.531000,1.13906,1.13898,1500000,5100000
2016-04-03 22:30:07.082000,1.13906,1.13904,1500000,1000000
2016-04-03 22:30:07.183000,1.13910,1.13905,1500000,2290000
2016-04-03 22:30:07.285000,1.13912,1.13905,1500000,3790000
2016-04-03 22:30:12.661000,1.13911,1.13905,1000000,1050000
2016-04-03 22:30:23.412000,1.13912,1.13906,2250000,1000000
2016-04-03 22:30:23.615000,1.13911,1.13904,1150000,1720000
2016-04-03 22:30:23.869000,1.13909,1.13901,2850000,2440000
2016-04-03 22:30:24.421000,1.13909,1.13901,3600000,1690000
2016-04-03 22:30:24.953000,1.13909,1.13901,2850000,2440000
2016-04-03 22:30:30.392000,1.13907,1.13901,1000000,1690000
2016-04-03 22:30:30.443000,1.13907,1.13899,1500000,4120000
2016-04-03 22:30:30.968000,1.13907,1.13899,1500000,6410000
2016-04-03 22:30:31.535000,1.13907,1.13900,1500000,1000000
2016-04-03 22:30:34.840000,1.13907,1.13901,1500000,1120000
2016-04-03 22:30:34.942000,1.13909,1.13901,1500000,3370000
2016-04-03 22:30:35.449000,1.13909,1.13902,1650000,1500000
2016-04-03 22:30:38.976000,1.13910,1.13902,3600000,1500000
2016-04-03 22:30:39.078000,1.13910,1.13906,1350000,1000000
2016-04-03 22:30:39.180000,1.13911,1.13905,1450000,4120000
2016-04-03 22:30:39.333000,1.13912,1.13905,1000000,3000000
2016-04-03 22:30:50.422000,1.13912,1.13907,1000000,1000000
2016-04-03 22:30:51.335000,1.13912,1.13906,1000000,1000000
2016-04-03 22:31:05.666000,1.13912,1.13905,1000000,4870000
2016-04-03 22:31:11.120000,1.13913,1.13911,1690000,2120000
2016-04-03 22:31:11.222000,1.13915,1.13911,1000000,1910000
2016-04-03 22:31:11.687000,1.13917,1.13910,1190000,4120000
2016-04-03 22:31:11.788000,1.13918,1.13913,3560000,1870000
2016-04-03 22:31:11.839000,1.13918,1.13913,2620000,2060000
2016-04-03 22:31:12.413000,1.13919,1.13911,2400000,3190000
2016-04-03 22:31:28.004000,1.13919,1.13914,1500000,4120000
2016-04-03 22:31:28.157000,1.13921,1.13915,1250000,1500000
