time,ask,bid,ask_volume,bid_volume
2016-04-17 21:00:08.996000,1.13053,1.13002,750000,370000
2016-04-17 21:00:19.007000,1.13050,1.13002,750000,370000
2016-04-17 21:00:19.082000,1.13050,1.12999,1500000,750000
2016-04-17 21:00:24.826000,1.13060,1.12989,1500000,750000
2016-04-17 21:00:35.014000,1.13030,1.12989,750000,750000
2016-04-17 21:00:51.813000,1.13029,1.12989,750000,370000
2016-04-17 21:00:51.863000,1.13029,1.12982,750000,370000
2016-04-17 21:00:53.164000,1.13029,1.12981,750000,370000
2016-04-17 21:00:53.265000,1.13029,1.12977,750000,750000
2016-04-17 21:01:01.491000,1.13028,1.12977,750000,750000
2016-04-17 21:01:01.715000,1.13028,1.12980,750000,370000
2016-04-17 21:01:06.161000,1.13027,1.12980,750000,750000
2016-04-17 21:01:06.772000,1.13028,1.12980,750000,750000
2016-04-17 21:01:07.175000,1.13028,1.12985,750000,370000
2016-04-17 21:01:07.913000,1.13027,1.12985,750000,750000
2016-04-17 21:01:09.331000,1.13027,1.12979,750000,750000
2016-04-17 21:01:11.062000,1.13028,1.12979,750000,750000
2016-04-17 21:01:15.463000,1.13029,1.12979,750000,1500000
2016-04-17 21:01:15.894000,1.13029,1.12985,750000,370000
2016-04-17 21:01:28.211000,1.13029,1.12986,750000,370000
2016-04-17 21:01:28.262000,1.13033,1.12986,750000,1500000
2016-04-17 21:01:41.232000,1.13033,1.12987,750000,370000
2016-04-17 21:01:58.429000,1.13034,1.12990,750000,750000
2016-04-17 21:01:58.931000,1.13036,1.12992,750000,750000
2016-04-17 21:02:01.390000,1.13035,1.12991,750000,750000
2016-04-17 21:02:04.245000,1.13034,1.12990,750000,750000
2016-04-17 21:02:04.681000,1.13028,1.12992,750000,750000
2016-04-17 21:02:05.097000,1.13024,1.12988,750000,750000
2016-04-17 21:02:07.400000,1.13025,1.12989,750000,750000
2016-04-17 21:02:07.934000,1.13024,1.12988,750000,750000
2016-04-17 21:02:08.441000,1.13025,1.12989,750000,750000
2016-04-17 21:02:09.035000,1.13028,1.12992,750000,750000
2016-04-17 21:02:18.672000,1.13023,1.12987,750000,750000
2016-04-17 21:02:30.203000,1.13016,1.12992,750000,750000
2016-04-17 21:02:42.720000,1.13019,1.12995,750000,750000
2016-04-17 21:02:58.401000,1.13020,1.12996,750000,750000
2016-04-17 21:03:12.515000,1.13033,1.12997,750000,750000
2016-04-17 21:03:40.298000,1.13032,1.12996,750000,750000
2016-04-17 21:04:01.136000,1.13031,1.12995,1000000,1000000
2016-04-17 21:04:01.858000,1.13030,1.12994,750000,1000000
2016-04-17 21:04:04.430000,1.13029,1.12993,1000000,1000000
2016-04-17 21:04:05.495000,1.13030,1.12994,1000000,1000000
2016-04-17 21:04:06.549000,1.13030,1.12998,1000000,1190000
2016-04-17 21:04:24.767000,1.13030,1.12997,1000000,1190000
2016-04-17 21:04:33.557000,1.13033,1.12997,1000000,1690000
2016-04-17 21:04:34.089000,1.13034,1.12998,1000000,1190000
2016-04-17 21:04:35.766000,1.13034,1.12998,1250000,1690000
2016-04-17 21:04:40.079000,1.13034,1.12998,1250000,1690000
2016-04-17 21:04:43.487000,1.13033,1.12998,1000000,1190000
2016-04-17 21:04:44.778000,1.13035,1.12999,1190000,1190000
2016-04-17 21:05:00.619000,1.13033,1.12998,1000000,1190000
2016-04-17 21:05:01.194000,1.13031,1.12998,1000000,1190000
2016-04-17 21:05:04.510000,1.13030,1.12998,1000000,1190000
2016-04-17 21:05:04.860000,1.13028,1.12998,1000000,1190000
2016-04-17 21:05:06.781000,1.13027,1.12998,1000000,1190000
2016-04-17 21:05:07.550000,1.13029,1.12998,1000000,1190000
2016-04-17 21:05:09.779000,1.13029,1.12997,1000000,1190000
2016-04-17 21:05:11.097000,1.13028,1.12997,1000000,1190000
2016-04-17 21:05:16.049000,1.13030,1.12997,1000000,1190000
2016-04-17 21:05:16.613000,1.13032,1.12997,1000000,1190000
2016-04-17 21:05:17.478000,1.13031,1.12997,1000000,1190000
2016-04-17 21:05:17.700000,1.13030,1.12995,1190000,750000
2016-04-17 21:05:30.580000,1.13028,1.12995,1190000,750000
2016-04-17 21:05:31.363000,1.13030,1.12997,1190000,750000
2016-04-17 21:05:31.922000,1.13030,1.12998,1190000,2250000
2016-04-17 21:05:33.209000,1.13030,1.13001,1190000,1000000
2016-04-17 21:05:39.271000,1.13030,1.13000,1190000,1000000
2016-04-17 21:05:42.265000,1.13030,1.12998,1190000,2250000
2016-04-17 21:05:54.868000,1.13030,1.12999,1190000,1000000
2016-04-17 21:05:57.852000,1.13007,1.12999,1250000,1000000
2016-04-17 21:05:58.441000,1.13009,1.12998,1190000,1500000
2016-04-17 21:05:59.173000,1.13006,1.12998,1000000,1500000
2016-04-17 21:06:01.367000,1.13000,1.12989,1190000,750000
2016-04-17 21:06:01.670000,1.13007,1.12999,1250000,1000000
2016-04-17 21:06:02.234000,1.13007,1.12998,1250000,1500000
2016-04-17 21:06:02.755000,1.13006,1.12998,1000000,1500000
2016-04-17 21:06:04.950000,1.13007,1.12998,1250000,1500000
2016-04-17 21:06:05.851000,1.13005,1.12998,1000000,1500000
2016-04-17 21:06:08.467000,1.13006,1.12998,1000000,1500000
2016-04-17 21:06:09.058000,1.13005,1.12998,1000000,1500000
2016-04-17 21:06:10.160000,1.13004,1.12998,1000000,1500000
2016-04-17 21:06:11.987000,1.13005,1.12998,1000000,1500000
2016-04-17 21:06:12.965000,1.13006,1.12998,1000000,1500000
2016-04-17 21:06:13.605000,1.13010,1.13000,1190000,1000000
2016-04-17 21:06:13.707000,1.13009,1.12998,1190000,1500000
2016-04-17 21:06:13.808000,1.13010,1.13000,1190000,1000000
2016-04-17 21:06:17.224000,1.13010,1.12999,1690000,1000000
2016-04-17 21:06:27.458000,1.13009,1.12998,1690000,1500000
2016-04-17 21:06:31.618000,1.13009,1.12998,1000000,1500000
2016-04-17 21:06:31.770000,1.13016,1.12999,1000000,1000000
2016-04-17 21:06:34.638000,1.13016,1.13005,1000000,1000000
2016-04-17 21:06:34.692000,1.13020,1.13005,1690000,1000000
2016-04-17 21:06:47.179000,1.13020,1.13003,1690000,2250000
2016-04-17 21:06:50.784000,1.13020,1.13004,1690000,1000000
2016-04-17 21:06:55.846000,1.13020,1.13004,1190000,1000000
2016-04-17 21:06:57.038000,1.13020,1.13003,1190000,2250000
2016-04-17 21:07:00.997000,1.13018,1.13003,1000000,1500000
2016-04-17 21:07:08.702000,1.13019,1.13003,1690000,1500000
2016-04-17 21:07:09.786000,1.13019,1.13003,1690000,1500000
2016-04-17 21:07:10.220000,1.13018,1.12998,1190000,1500000
2016-04-17 21:07:12.911000,1.13017,1.13002,1000000,1000000
2016-04-17 21:07:13.457000,1.13017,1.13003,1000000,1500000
2016-04-17 21:07:14.659000,1.13016,1.13000,1000000,1000000
2016-04-17 21:07:14.710000,1.13016,1.12998,1000000,2250000
2016-04-17 21:07:16.854000,1.13010,1.12998,1000000,1500000
2016-04-17 21:07:19.381000,1.13013,1.12998,1000000,1500000
2016-04-17 21:08:17.945000,1.13011,1.12998,1000000,1500000
2016-04-17 21:09:30.868000,1.13014,1.12998,1000000,1500000
2016-04-17 21:09:31.475000,1.13015,1.12998,1000000,1500000
2016-04-17 21:09:44.191000,1.13014,1.12998,1000000,1500000
2016-04-17 21:09:44.695000,1.13013,1.12986,1250000,1000000
2016-04-17 21:09:44.797000,1.13013,1.12975,1250000,1000000
2016-04-17 21:09:45.626000,1.13013,1.12998,1250000,750000
2016-04-17 21:09:45.777000,1.13020,1.12998,1460000,2250000
2016-04-17 21:09:45.887000,1.13013,1.12998,1250000,2250000
2016-04-17 21:09:45.989000,1.13013,1.12973,1250000,1000000
2016-04-17 21:09:46.393000,1.13013,1.12972,1620000,1000000
2016-04-17 21:09:46.494000,1.13013,1.12972,1250000,1000000
2016-04-17 21:09:46.797000,1.13013,1.12972,1620000,1000000
2016-04-17 21:09:46.911000,1.13013,1.12972,1250000,1000000
2016-04-17 21:09:47.012000,1.13013,1.12972,1620000,1000000
2016-04-17 21:09:47.113000,1.13013,1.12973,1250000,1000000
2016-04-17 21:09:47.517000,1.13013,1.12972,1620000,1000000
2016-04-17 21:09:47.619000,1.13013,1.12972,1250000,1000000
2016-04-17 21:09:47.972000,1.13013,1.12972,1620000,1000000
2016-04-17 21:09:48.082000,1.13013,1.12972,1250000,1000000
2016-04-17 21:09:48.183000,1.13013,1.12972,1620000,1000000
2016-04-17 21:09:48.386000,1.13013,1.12972,1250000,1000000
2016-04-17 21:09:48.488000,1.13013,1.12972,1620000,1000000
2016-04-17 21:09:48.795000,1.13019,1.12999,1190000,1000000
2016-04-17 21:09:51.226000,1.13019,1.12998,1190000,1500000
2016-04-17 21:10:06.823000,1.13020,1.12998,1390000,1500000
2016-04-17 21:10:10.341000,1.13020,1.12999,2400000,1000000
2016-04-17 21:10:16.013000,1.13024,1.12999,2250000,1000000
2016-04-17 21:10:19.283000,1.13024,1.12998,2250000,3000000
2016-04-17 21:10:19.796000,1.13024,1.12999,3000000,1000000
2016-04-17 21:10:21.053000,1.13028,1.13003,1000000,1000000
2016-04-17 21:10:21.563000,1.13027,1.13003,2250000,1000000
2016-04-17 21:10:22.105000,1.13027,1.13002,1500000,1000000
2016-04-17 21:10:23.056000,1.13027,1.13003,2250000,1000000
2016-04-17 21:10:29.387000,1.13027,1.13002,1500000,1000000
2016-04-17 21:10:29.889000,1.13027,1.13003,2250000,1000000
2016-04-17 21:10:30.421000,1.13027,1.13002,1500000,1000000
2016-04-17 21:10:32.100000,1.13027,1.13003,2250000,1000000
2016-04-17 21:10:34.506000,1.13029,1.13003,2250000,1000000
2016-04-17 21:10:40.383000,1.13029,1.13006,1000000,1000000
2016-04-17 21:10:40.535000,1.13032,1.13006,2250000,1000000
2016-04-17 21:10:41.223000,1.13031,1.13005,1000000,1000000
2016-04-17 21:10:41.767000,1.13031,1.13004,1000000,1000000
2016-04-17 21:10:43.597000,1.13031,1.13005,1000000,1000000
2016-04-17 21:10:43.698000,1.13029,1.13003,1000000,2250000
2016-04-17 21:10:43.901000,1.13027,1.13000,2250000,1000000
2016-04-17 21:10:51.356000,1.13027,1.12999,1000000,1500000
2016-04-17 21:10:52.058000,1.13027,1.13000,1000000,1000000
2016-04-17 21:11:05.007000,1.13028,1.13000,1000000,1000000
2016-04-17 21:11:34.749000,1.13029,1.13000,3000000,1000000
2016-04-17 21:11:40.017000,1.13029,1.12999,2250000,2250000
2016-04-17 21:11:44.045000,1.13029,1.13000,3000000,1000000
2016-04-17 21:12:15.969000,1.13029,1.12999,2250000,2320000
2016-04-17 21:12:19.975000,1.13029,1.13000,3000000,1000000
2016-04-17 21:12:40.638000,1.13026,1.13002,1000000,1000000
2016-04-17 21:12:41.201000,1.13027,1.13001,1000000,1000000
2016-04-17 21:13:09.154000,1.13026,1.13002,1000000,1000000
2016-04-17 21:13:25.760000,1.13028,1.13007,1000000,1000000
2016-04-17 21:13:26.267000,1.13028,1.13002,3000000,1000000
2016-04-17 21:13:29.020000,1.13022,1.13000,1000000,1000000
2016-04-17 21:13:29.324000,1.13010,1.12998,1500000,2620000
2016-04-17 21:13:30.051000,1.13011,1.13002,1000000,1000000
2016-04-17 21:13:30.153000,1.13022,1.13002,1000000,1000000
2016-04-17 21:13:33.301000,1.13024,1.13004,1000000,1000000
2016-04-17 21:13:33.649000,1.13027,1.13008,1000000,1500000
2016-04-17 21:13:33.751000,1.13027,1.13002,1000000,1500000
2016-04-17 21:13:35.420000,1.13023,1.13002,1000000,1500000
2016-04-17 21:13:35.724000,1.13015,1.13000,1000000,1500000
2016-04-17 21:13:36.208000,1.13015,1.13004,1000000,1000000
2016-04-17 21:13:36.565000,1.13015,1.13004,1000000,1520000
2016-04-17 21:13:40.627000,1.13016,1.13004,1000000,1520000
2016-04-17 21:13:41.301000,1.13015,1.13004,1000000,1520000
2016-04-17 21:13:42.205000,1.13027,1.13012,1500000,1000000
2016-04-17 21:13:42.256000,1.13030,1.13018,1250000,1000000
2016-04-17 21:13:42.307000,1.13034,1.13018,2250000,1000000
2016-04-17 21:13:42.523000,1.13031,1.13018,1000000,1500000
2016-04-17 21:13:42.675000,1.13031,1.13006,1500000,1270000
2016-04-17 21:13:43.242000,1.13031,1.13004,1500000,1520000
2016-04-17 21:13:45.890000,1.13031,1.13004,1000000,1000000
2016-04-17 21:13:46.684000,1.13030,1.13004,4500000,1000000
2016-04-17 21:13:52.825000,1.13025,1.13001,5250000,1000000
2016-04-17 21:13:53.172000,1.13023,1.13001,1250000,1000000
2016-04-17 21:14:01.108000,1.13023,1.13002,1250000,1000000
2016-04-17 21:14:01.311000,1.13025,1.12999,4500000,3070000
2016-04-17 21:14:01.478000,1.13020,1.13001,1000000,1000000
2016-04-17 21:14:02.291000,1.13020,1.13002,1000000,1000000
2016-04-17 21:14:02.784000,1.13023,1.13002,1250000,1000000
2016-04-17 21:14:40.847000,1.13024,1.13002,3190000,1000000
2016-04-17 21:14:54.901000,1.13023,1.13002,1250000,1000000
2016-04-17 21:14:56.550000,1.13023,1.13003,1250000,1000000
2016-04-17 21:15:00.069000,1.13022,1.13003,1190000,1000000
2016-04-17 21:15:00.378000,1.13022,1.13011,1190000,750000
2016-04-17 21:15:00.581000,1.13022,1.13006,1190000,1000000
2016-04-17 21:15:01.151000,1.13022,1.13005,1190000,1000000
2016-04-17 21:15:01.610000,1.13022,1.13003,3190000,1000000
2016-04-17 21:15:04.652000,1.13022,1.12999,3190000,1000000
2016-04-17 21:15:05.169000,1.13020,1.12998,3190000,1500000
2016-04-17 21:15:05.268000,1.13011,1.12998,1000000,1500000
2016-04-17 21:15:05.320000,1.13010,1.12986,1000000,1000000
2016-04-17 21:15:05.371000,1.13010,1.12981,1000000,1000000
2016-04-17 21:15:05.422000,1.13011,1.12976,1000000,1500000
2016-04-17 21:15:05.473000,1.13013,1.12976,1000000,1500000
2016-04-17 21:15:08.857000,1.13012,1.12976,1000000,1000000
2016-04-17 21:15:08.908000,1.13012,1.12968,1500000,2620000
2016-04-17 21:15:08.959000,1.13013,1.12976,1000000,1000000
2016-04-17 21:15:09.270000,1.13022,1.12997,1250000,1500000
2016-04-17 21:15:09.524000,1.13015,1.12986,1000000,1000000
2016-04-17 21:15:09.575000,1.13015,1.12981,1000000,1000000
2016-04-17 21:15:09.626000,1.13015,1.12975,1000000,1000000
2016-04-17 21:15:10.197000,1.13016,1.12975,1000000,1000000
2016-04-17 21:15:10.839000,1.13012,1.12972,1000000,1000000
2016-04-17 21:15:10.902000,1.13011,1.12968,1000000,3000000
2016-04-17 21:15:10.953000,1.13009,1.12968,1000000,1500000
2016-04-17 21:15:11.094000,1.13009,1.12960,2250000,1000000
2016-04-17 21:15:11.249000,1.13008,1.12958,1000000,1000000
2016-04-17 21:15:16.192000,1.13007,1.12953,1000000,1000000
2016-04-17 21:15:24.230000,1.13007,1.12958,1000000,1000000
2016-04-17 21:15:24.534000,1.13008,1.12961,1000000,1500000
2016-04-17 21:15:31.976000,1.13009,1.12961,1000000,1500000
2016-04-17 21:15:32.491000,1.13010,1.12961,3750000,1500000
2016-04-17 21:15:38.316000,1.13009,1.12961,1000000,1500000
2016-04-17 21:15:44.374000,1.13009,1.12962,1000000,1000000
2016-04-17 21:15:45.791000,1.13010,1.12966,3750000,1000000
2016-04-17 21:15:46.101000,1.13006,1.12966,1000000,1000000
2016-04-17 21:15:46.812000,1.13005,1.12966,1000000,1000000
2016-04-17 21:15:58.286000,1.13006,1.12966,1000000,1000000
2016-04-17 21:16:00.121000,1.13005,1.12966,1000000,1000000
2016-04-17 21:16:14.470000,1.13006,1.12966,1000000,1000000
2016-04-17 21:16:14.975000,1.13005,1.12966,1000000,1000000
2016-04-17 21:16:20.166000,1.13005,1.12968,1000000,1000000
2016-04-17 21:16:34.894000,1.13006,1.12968,1000000,1000000
2016-04-17 21:16:36.867000,1.13005,1.12968,1000000,1000000
2016-04-17 21:16:56.103000,1.13006,1.12968,1000000,1000000
2016-04-17 21:16:56.604000,1.13005,1.12969,1000000,2250000
2016-04-17 21:17:00.370000,1.13005,1.12970,1000000,1000000
2016-04-17 21:17:08.469000,1.13006,1.12970,1000000,1000000
2016-04-17 21:17:10.473000,1.13005,1.12970,1000000,1000000
2016-04-17 21:17:13.839000,1.13006,1.12970,1000000,1000000
2016-04-17 21:17:14.877000,1.13005,1.12970,1000000,1000000
2016-04-17 21:17:16.437000,1.13006,1.12970,1000000,1000000
2016-04-17 21:17:18.887000,1.13005,1.12970,1000000,1000000
2016-04-17 21:17:19.401000,1.13006,1.12970,1000000,1000000
2016-04-17 21:17:21.838000,1.13005,1.12970,1000000,1000000
2016-04-17 21:17:27.191000,1.13005,1.12969,1000000,2250000
2016-04-17 21:17:27.496000,1.12991,1.12963,1000000,1000000
2016-04-17 21:17:28.089000,1.12990,1.12962,1000000,2250000
2016-04-17 21:17:30.533000,1.12990,1.12963,1000000,1000000
2016-04-17 21:17:39.715000,1.12990,1.12962,1000000,2250000
2016-04-17 21:17:43.523000,1.12990,1.12963,1000000,1000000
2016-04-17 21:17:51.537000,1.12990,1.12962,1000000,2250000
2016-04-17 21:17:52.161000,1.12990,1.12963,1000000,1000000
2016-04-17 21:18:08.166000,1.12990,1.12962,1000000,2250000
2016-04-17 21:18:09.887000,1.12990,1.12963,1000000,1000000
2016-04-17 21:18:15.525000,1.12991,1.12963,1000000,1000000
2016-04-17 21:18:16.068000,1.12990,1.12963,1000000,1000000
2016-04-17 21:18:24.906000,1.12990,1.12962,1000000,2250000
2016-04-17 21:18:27.494000,1.12990,1.12963,1000000,1000000
2016-04-17 21:18:36.799000,1.12990,1.12962,1000000,2250000
2016-04-17 21:18:39.209000,1.12990,1.12963,1000000,1000000
2016-04-17 21:18:39.803000,1.12991,1.12963,1000000,1000000
2016-04-17 21:18:40.204000,1.12997,1.12963,1000000,2250000
2016-04-17 21:18:45.870000,1.12990,1.12963,1000000,2250000
2016-04-17 21:19:06.808000,1.12991,1.12963,1000000,2250000
2016-04-17 21:19:07.548000,1.12990,1.12963,1000000,2250000
2016-04-17 21:19:08.653000,1.12991,1.12963,1000000,2250000
2016-04-17 21:19:09.847000,1.12990,1.12963,1000000,2250000
2016-04-17 21:19:10.115000,1.12997,1.12963,1000000,2250000
2016-04-17 21:19:10.845000,1.12998,1.12963,1000000,1500000
2016-04-17 21:19:15.824000,1.12990,1.12963,1000000,1500000
2016-04-17 21:19:22.838000,1.12991,1.12963,1000000,2250000
2016-04-17 21:19:23.552000,1.12990,1.12963,1000000,2250000
2016-04-17 21:19:40.168000,1.12997,1.12963,1000000,2250000
2016-04-17 21:19:41.870000,1.12990,1.12963,1000000,2250000
2016-04-17 21:19:43.472000,1.12991,1.12963,1000000,2250000
2016-04-17 21:19:44.916000,1.12990,1.12963,1000000,1500000
2016-04-17 21:19:50.905000,1.12991,1.12963,1000000,2250000
2016-04-17 21:19:53.892000,1.12990,1.12963,1000000,1500000
2016-04-17 21:20:00.177000,1.12997,1.12963,1000000,2250000
2016-04-17 21:20:03.707000,1.12990,1.12963,1000000,1500000
2016-04-17 21:20:07.814000,1.12991,1.12963,1000000,2250000
2016-04-17 21:20:08.614000,1.12990,1.12963,1000000,2250000
2016-04-17 21:20:11.821000,1.12991,1.12963,1000000,2250000
2016-04-17 21:20:12.823000,1.12990,1.12963,1000000,2250000
2016-04-17 21:20:15.136000,1.12990,1.12963,1690000,2250000
2016-04-17 21:20:18.375000,1.12980,1.12963,1000000,2250000
2016-04-17 21:20:18.577000,1.12975,1.12957,1690000,1000000
2016-04-17 21:20:19.089000,1.12975,1.12958,1690000,1000000
2016-04-17 21:20:19.599000,1.12975,1.12959,1690000,1000000
2016-04-17 21:20:22.645000,1.12965,1.12959,750000,1000000
2016-04-17 21:20:22.797000,1.12970,1.12958,1000000,1000000
2016-04-17 21:20:22.849000,1.12962,1.12958,1500000,1000000
2016-04-17 21:20:22.950000,1.12971,1.12958,1000000,1000000
2016-04-17 21:20:23.782000,1.12973,1.12958,1250000,1000000
2016-04-17 21:20:25.420000,1.12972,1.12956,1000000,1000000
2016-04-17 21:20:25.471000,1.12965,1.12956,1190000,1000000
2016-04-17 21:20:30.951000,1.12962,1.12953,1190000,2250000
2016-04-17 21:20:34.120000,1.12957,1.12953,1190000,1000000
2016-04-17 21:20:34.171000,1.12957,1.12951,1190000,1000000
2016-04-17 21:20:36.013000,1.12960,1.12953,1250000,1000000
2016-04-17 21:20:40.833000,1.12965,1.12951,1690000,1000000
2016-04-17 21:20:49.523000,1.12972,1.12965,2250000,750000
2016-04-17 21:20:49.726000,1.12965,1.12951,1190000,1570000
2016-04-17 21:20:57.100000,1.12965,1.12952,1190000,1000000
2016-04-17 21:21:14.649000,1.12970,1.12952,1260000,1000000
2016-04-17 21:21:20.171000,1.12970,1.12953,1690000,1000000
2016-04-17 21:21:32.769000,1.12969,1.12953,1190000,1000000
2016-04-17 21:22:40.413000,1.12969,1.12959,1190000,1000000
2016-04-17 21:22:40.464000,1.12970,1.12959,1190000,1000000
2016-04-17 21:22:41.007000,1.12970,1.12959,1690000,1570000
2016-04-17 21:22:46.198000,1.12970,1.12961,1690000,1070000
2016-04-17 21:22:50.464000,1.12970,1.12959,1690000,1870000
2016-04-17 21:22:50.617000,1.12969,1.12953,1190000,1500000
2016-04-17 21:22:50.668000,1.12969,1.12951,1190000,1100000
2016-04-17 21:23:36.054000,1.12969,1.12955,1190000,1000000
2016-04-17 21:23:36.358000,1.12970,1.12957,1690000,1870000
2016-04-17 21:23:37.457000,1.12970,1.12957,1760000,1100000
2016-04-17 21:23:37.558000,1.12970,1.12955,1560000,1570000
2016-04-17 21:23:37.711000,1.12968,1.12955,1560000,1000000
2016-04-17 21:23:52.465000,1.12966,1.12955,1120000,1000000
2016-04-17 21:23:53.013000,1.12968,1.12955,1560000,1000000
2016-04-17 21:24:03.457000,1.12969,1.12955,1310000,1000000
2016-04-17 21:24:16.083000,1.12970,1.12956,3560000,1000000
2016-04-17 21:24:24.854000,1.12971,1.12956,1560000,1000000
2016-04-17 21:24:39.777000,1.12970,1.12956,2060000,1000000
2016-04-17 21:24:42.084000,1.12970,1.12956,2060000,1000000
2016-04-17 21:25:01.232000,1.12970,1.12956,1760000,1000000
2016-04-17 21:25:12.383000,1.12967,1.12956,1190000,1000000
2016-04-17 21:25:12.435000,1.12965,1.12949,1190000,1870000
2016-04-17 21:25:12.538000,1.12964,1.12943,1190000,1500000
2016-04-17 21:25:12.640000,1.12964,1.12938,1690000,1500000
2016-04-17 21:25:12.692000,1.12961,1.12938,1000000,1500000
2016-04-17 21:25:12.743000,1.12961,1.12935,3750000,3000000
2016-04-17 21:25:12.795000,1.12958,1.12935,1000000,3000000
2016-04-17 21:25:15.845000,1.12961,1.12935,1000000,1570000
2016-04-17 21:25:16.401000,1.12962,1.12935,5320000,3070000
2016-04-17 21:25:34.669000,1.12950,1.12935,1000000,1570000
2016-04-17 21:25:34.973000,1.12944,1.12931,1190000,1070000
2016-04-17 21:25:36.741000,1.12944,1.12931,1190000,1120000
2016-04-17 21:25:55.800000,1.12945,1.12931,1690000,1120000
2016-04-17 21:26:01.949000,1.12945,1.12931,1690000,1070000
2016-04-17 21:26:02.487000,1.12945,1.12931,1690000,1120000
2016-04-17 21:26:09.770000,1.12944,1.12928,1190000,2250000
2016-04-17 21:26:25.829000,1.12945,1.12928,1690000,3750000
2016-04-17 21:26:26.602000,1.12945,1.12927,1190000,1000000
2016-04-17 21:26:26.653000,1.12945,1.12925,1690000,1100000
2016-04-17 21:26:26.754000,1.12945,1.12925,1690000,1070000
2016-04-17 21:26:26.805000,1.12945,1.12928,1690000,1000000
2016-04-17 21:26:27.109000,1.12940,1.12921,1000000,1500000
2016-04-17 21:26:30.121000,1.12940,1.12921,1190000,1500000
2016-04-17 21:26:30.651000,1.12941,1.12919,3750000,2250000
2016-04-17 21:26:30.908000,1.12939,1.12920,1500000,2250000
2016-04-17 21:26:32.309000,1.12940,1.12922,3750000,2250000
2016-04-17 21:26:49.231000,1.12941,1.12922,2250000,2250000
2016-04-17 21:27:03.864000,1.12941,1.12920,2250000,8250000
2016-04-17 21:27:04.228000,1.12939,1.12920,1000000,6750000
2016-04-17 21:27:39.166000,1.12939,1.12923,2250000,2250000
2016-04-17 21:27:58.405000,1.12939,1.12935,2250000,1000000
2016-04-17 21:27:58.518000,1.12945,1.12929,1760000,1570000
2016-04-17 21:27:59.024000,1.12941,1.12921,2250000,3750000
2016-04-17 21:28:17.897000,1.12941,1.12922,2320000,2250000
2016-04-17 21:28:18.409000,1.12941,1.12922,2320000,2250000
2016-04-17 21:28:20.778000,1.12941,1.12922,2320000,2250000
2016-04-17 21:28:25.115000,1.12941,1.12922,1000000,2250000
2016-04-17 21:28:25.664000,1.12941,1.12922,1000000,2250000
2016-04-17 21:28:27.280000,1.12942,1.12922,2250000,2250000
2016-04-17 21:28:27.867000,1.12941,1.12922,1000000,3000000
2016-04-17 21:28:30.703000,1.12942,1.12922,2250000,2250000
2016-04-17 21:28:31.335000,1.12941,1.12922,1000000,3000000
2016-04-17 21:28:57.874000,1.12941,1.12929,1500000,1190000
2016-04-17 21:28:58.026000,1.12945,1.12930,1000000,1690000
2016-04-17 21:28:58.077000,1.12945,1.12930,1870000,1190000
2016-04-17 21:28:58.128000,1.12945,1.12928,4310000,1500000
2016-04-17 21:28:58.669000,1.12944,1.12923,2510000,1870000
2016-04-17 21:29:19.549000,1.12944,1.12922,2440000,3370000
2016-04-17 21:29:20.068000,1.12944,1.12922,2440000,3000000
2016-04-17 21:29:20.506000,1.12944,1.12922,2810000,3000000
2016-04-17 21:29:23.170000,1.12944,1.12922,2810000,3000000
2016-04-17 21:29:29.435000,1.12945,1.12927,3560000,1570000
2016-04-17 21:29:29.941000,1.12942,1.12924,2320000,1870000
2016-04-17 21:29:31.288000,1.12942,1.12924,2250000,1870000
2016-04-17 21:29:32.722000,1.12942,1.12924,2250000,2250000
2016-04-17 21:29:33.279000,1.12943,1.12923,2250000,3750000
2016-04-17 21:29:33.793000,1.12942,1.12924,1000000,1870000
2016-04-17 21:29:50.059000,1.12943,1.12923,2440000,2250000
2016-04-17 21:29:50.867000,1.12942,1.12923,1000000,2250000
2016-04-17 21:29:54.072000,1.12943,1.12923,2440000,2250000
2016-04-17 21:29:54.927000,1.12942,1.12923,1000000,2250000
2016-04-17 21:30:01.602000,1.12943,1.12923,2440000,2250000
2016-04-17 21:30:02.107000,1.12942,1.12922,2250000,3750000
2016-04-17 21:30:21.742000,1.12942,1.12922,2440000,4500000
2016-04-17 21:30:22.327000,1.12942,1.12922,2440000,4500000
2016-04-17 21:30:24.747000,1.12942,1.12922,1690000,3000000
2016-04-17 21:30:25.051000,1.12943,1.12926,2440000,3000000
2016-04-17 21:30:25.217000,1.12943,1.12926,2440000,3000000
2016-04-17 21:30:32.149000,1.12943,1.12925,2440000,2250000
2016-04-17 21:30:32.251000,1.12943,1.12925,1190000,2250000
2016-04-17 21:30:46.309000,1.12943,1.12925,2440000,2250000
2016-04-17 21:30:49.080000,1.12943,1.12926,2440000,1870000
2016-04-17 21:30:49.318000,1.12942,1.12926,1190000,1870000
2016-04-17 21:30:52.153000,1.12942,1.12927,1190000,1870000
2016-04-17 21:30:53.172000,1.12942,1.12930,1190000,2250000
2016-04-17 21:30:54.744000,1.12944,1.12930,2440000,2250000
2016-04-17 21:30:55.344000,1.12944,1.12930,2440000,1870000
2016-04-17 21:30:59.177000,1.12943,1.12930,1190000,2250000
2016-04-17 21:31:03.067000,1.12943,1.12930,1000000,2250000
2016-04-17 21:31:03.219000,1.12945,1.12930,5250000,2440000
2016-04-17 21:31:08.238000,1.12945,1.12931,2250000,3190000
2016-04-17 21:31:14.366000,1.12945,1.12932,1000000,3750000
2016-04-17 21:31:15.787000,1.12945,1.12933,1000000,1940000
2016-04-17 21:31:18.440000,1.12949,1.12940,2440000,1000000
2016-04-17 21:31:19.285000,1.12949,1.12940,1690000,1000000
2016-04-17 21:31:20.776000,1.12949,1.12940,2250000,1000000
2016-04-17 21:31:21.656000,1.12949,1.12940,1690000,1000000
2016-04-17 21:31:22.217000,1.12949,1.12940,1690000,1000000
2016-04-17 21:31:22.977000,1.12949,1.12942,2440000,1000000
2016-04-17 21:31:23.129000,1.12950,1.12942,1250000,1000000
2016-04-17 21:31:23.263000,1.12952,1.12945,3190000,1000000
2016-04-17 21:31:25.665000,1.12951,1.12945,1190000,1000000
2016-04-17 21:31:26.265000,1.12951,1.12944,1190000,1000000
2016-04-17 21:31:26.898000,1.12951,1.12945,1190000,1000000
2016-04-17 21:31:26.963000,1.12952,1.12945,3940000,1000000
2016-04-17 21:31:27.757000,1.12951,1.12945,1190000,1000000
2016-04-17 21:31:27.858000,1.12950,1.12933,1190000,2250000
2016-04-17 21:31:30.370000,1.12950,1.12935,1190000,1370000
2016-04-17 21:31:30.887000,1.12950,1.12935,1190000,1120000
2016-04-17 21:31:33.909000,1.12950,1.12933,1190000,1370000
2016-04-17 21:31:34.520000,1.12950,1.12933,1190000,1370000
2016-04-17 21:31:35.088000,1.12950,1.12933,3190000,1500000
2016-04-17 21:31:36.947000,1.12950,1.12933,3190000,1500000
2016-04-17 21:31:37.099000,1.12950,1.12934,1690000,3000000
2016-04-17 21:31:37.303000,1.12956,1.12936,2440000,4690000
2016-04-17 21:31:41.148000,1.12958,1.12938,2250000,1870000
2016-04-17 21:31:41.815000,1.12958,1.12938,2250000,1870000
2016-04-17 21:31:45.749000,1.12959,1.12937,3000000,3940000
2016-04-17 21:31:46.344000,1.12958,1.12938,1000000,1370000
2016-04-17 21:31:49.899000,1.12959,1.12952,2250000,750000
2016-04-17 21:31:50.001000,1.12965,1.12959,1190000,1000000
2016-04-17 21:31:50.052000,1.12971,1.12965,3000000,2250000
2016-04-17 21:31:50.103000,1.12985,1.12977,1190000,1000000
2016-04-17 21:31:50.307000,1.12992,1.12980,1310000,3000000
2016-04-17 21:31:50.510000,1.12995,1.12980,3260000,1870000
2016-04-17 21:31:56.452000,1.12994,1.12974,2510000,1940000
2016-04-17 21:31:56.752000,1.12994,1.12974,2810000,1750000
2016-04-17 21:31:59.757000,1.12993,1.12974,2510000,2000000
2016-04-17 21:32:01.854000,1.12993,1.12974,2510000,2250000
2016-04-17 21:32:03.593000,1.12993,1.12974,2510000,2440000
2016-04-17 21:32:05.771000,1.12993,1.12974,2510000,2440000
2016-04-17 21:32:06.224000,1.12993,1.12973,2510000,4690000
2016-04-17 21:32:11.282000,1.12993,1.12973,2510000,1940000
2016-04-17 21:32:14.157000,1.12993,1.12974,1760000,2000000
2016-04-17 21:32:14.208000,1.12991,1.12975,1000000,2250000
2016-04-17 21:32:14.260000,1.12991,1.12975,1000000,1570000
2016-04-17 21:32:14.362000,1.12991,1.12972,2250000,6190000
2016-04-17 21:32:18.762000,1.12991,1.12972,1760000,3190000
2016-04-17 21:32:18.864000,1.12991,1.12972,2510000,3000000
2016-04-17 21:32:18.965000,1.12990,1.12972,2060000,2250000
2016-04-17 21:32:21.276000,1.12989,1.12969,4010000,1750000
2016-04-17 21:32:21.806000,1.12988,1.12967,3190000,6000000
2016-04-17 21:32:21.857000,1.12988,1.12967,3560000,3000000
2016-04-17 21:32:22.555000,1.12988,1.12967,3560000,3000000
2016-04-17 21:32:24.061000,1.12988,1.12967,3070000,3190000
2016-04-17 21:32:25.692000,1.12988,1.12969,2510000,1750000
2016-04-17 21:32:26.227000,1.12988,1.12969,2510000,1750000
2016-04-17 21:32:26.997000,1.12988,1.12969,2440000,1750000
2016-04-17 21:32:28.228000,1.12988,1.12969,1250000,9750000
2016-04-17 21:32:28.747000,1.12989,1.12969,2510000,6000000
2016-04-17 21:32:29.293000,1.12989,1.12969,1010000,4690000
2016-04-17 21:32:31.316000,1.12989,1.12970,1690000,3940000
2016-04-17 21:32:35.033000,1.12989,1.12972,2440000,2250000
2016-04-17 21:32:41.904000,1.12989,1.12972,2250000,2250000
2016-04-17 21:32:43.934000,1.12989,1.12970,1570000,6190000
2016-04-17 21:32:49.170000,1.12989,1.12971,2510000,3000000
2016-04-17 21:32:49.806000,1.12989,1.12971,2440000,3000000
2016-04-17 21:32:51.249000,1.12989,1.12972,1690000,2440000
2016-04-17 21:32:56.268000,1.12990,1.12972,3190000,1750000
2016-04-17 21:32:56.772000,1.12989,1.12972,1190000,3000000
2016-04-17 21:33:03.099000,1.12989,1.12972,1000000,3190000
2016-04-17 21:33:04.105000,1.12992,1.12972,1000000,9940000
2016-04-17 21:33:04.902000,1.12992,1.12972,1190000,9190000
2016-04-17 21:33:10.184000,1.12992,1.12972,1000000,8440000
2016-04-17 21:33:11.065000,1.12993,1.12974,2320000,1940000
2016-04-17 21:33:11.622000,1.12992,1.12974,2250000,4690000
2016-04-17 21:33:12.801000,1.12992,1.12974,1690000,3000000
2016-04-17 21:33:19.182000,1.12993,1.12974,2810000,1750000
2016-04-17 21:33:23.686000,1.12995,1.12993,1500000,1000000
2016-04-17 21:33:23.788000,1.13011,1.13009,1000000,1500000
2016-04-17 21:33:23.941000,1.13017,1.13010,1500000,1500000
2016-04-17 21:33:23.992000,1.13023,1.13010,3560000,2250000
2016-04-17 21:33:24.195000,1.13022,1.13010,2430000,2250000
2016-04-17 21:33:24.572000,1.13022,1.13008,2060000,1500000
2016-04-17 21:33:25.086000,1.13022,1.13002,2810000,3000000
2016-04-17 21:33:26.004000,1.13022,1.13002,2810000,3000000
2016-04-17 21:33:29.182000,1.13022,1.13002,2810000,3000000
2016-04-17 21:33:33.807000,1.13020,1.13001,4310000,2620000
2016-04-17 21:33:35.421000,1.13020,1.13002,5060000,1500000
2016-04-17 21:33:35.574000,1.13017,1.12999,1000000,1570000
2016-04-17 21:33:35.727000,1.13015,1.12996,2250000,1690000
2016-04-17 21:33:35.778000,1.13014,1.12995,1500000,1500000
2016-04-17 21:33:35.829000,1.13013,1.12993,1000000,2250000
2016-04-17 21:33:39.182000,1.13012,1.12990,3000000,3000000
2016-04-17 21:33:43.010000,1.13012,1.12989,2250000,3750000
2016-04-17 21:33:43.584000,1.13012,1.12990,4500000,1500000
2016-04-17 21:33:50.305000,1.13011,1.12990,1500000,3000000
2016-04-17 21:33:51.421000,1.13012,1.12990,3750000,1500000
2016-04-17 21:33:51.935000,1.13011,1.12990,1500000,3000000
2016-04-17 21:33:54.234000,1.13012,1.12990,3750000,1500000
2016-04-17 21:33:55.069000,1.13011,1.12990,1500000,3000000
2016-04-17 21:33:55.822000,1.13012,1.12990,3750000,1500000
2016-04-17 21:33:56.369000,1.13011,1.12990,1500000,1500000
2016-04-17 21:33:58.129000,1.13012,1.12989,3750000,3750000
2016-04-17 21:33:58.640000,1.13011,1.12990,1500000,3000000
2016-04-17 21:34:06.842000,1.13012,1.12990,3750000,1500000
2016-04-17 21:34:07.349000,1.13011,1.12990,1500000,3000000
2016-04-17 21:34:07.850000,1.13012,1.12990,4500000,3000000
2016-04-17 21:34:08.375000,1.13011,1.12990,1000000,3750000
2016-04-17 21:34:08.896000,1.13012,1.12990,4500000,3750000
2016-04-17 21:34:23.080000,1.13012,1.12989,4500000,2250000
2016-04-17 21:34:23.271000,1.13012,1.12993,3750000,1000000
2016-04-17 21:34:23.575000,1.13018,1.13001,2250000,1000000
2016-04-17 21:34:29.145000,1.13018,1.12999,3190000,2320000
2016-04-17 21:34:29.246000,1.13015,1.12995,1070000,4120000
2016-04-17 21:35:03.161000,1.13015,1.12994,1070000,3190000
2016-04-17 21:35:08.958000,1.13018,1.12996,2440000,2620000
2016-04-17 21:35:18.493000,1.13016,1.12994,1070000,3190000
2016-04-17 21:35:26.782000,1.13016,1.12994,1120000,5060000
2016-04-17 21:35:34.847000,1.13016,1.12994,2620000,5440000
2016-04-17 21:35:40.761000,1.13016,1.12994,2620000,5440000
2016-04-17 21:35:49.139000,1.13017,1.12994,4310000,5060000
2016-04-17 21:35:49.738000,1.13017,1.12994,4120000,5440000
2016-04-17 21:35:51.103000,1.13017,1.12994,2620000,5440000
2016-04-17 21:35:51.204000,1.13017,1.12994,4120000,5440000
2016-04-17 21:35:52.422000,1.13017,1.12994,3370000,5440000
2016-04-17 21:35:52.949000,1.13017,1.12994,4120000,5440000
2016-04-17 21:36:01.868000,1.13017,1.12995,2620000,4120000
2016-04-17 21:36:02.534000,1.13017,1.12995,4310000,4500000
2016-04-17 21:36:03.131000,1.13017,1.12995,4310000,3750000
2016-04-17 21:36:06.274000,1.13017,1.12995,4120000,4500000
2016-04-17 21:36:06.376000,1.13018,1.12995,2250000,3750000
2016-04-17 21:36:06.853000,1.13018,1.12995,1690000,7500000
2016-04-17 21:36:06.904000,1.13018,1.12997,1690000,2250000
2016-04-17 21:36:07.208000,1.13018,1.12996,3940000,3000000
2016-04-17 21:36:07.521000,1.13018,1.12996,2440000,3000000
2016-04-17 21:36:08.033000,1.13017,1.12995,2060000,3750000
2016-04-17 21:36:08.592000,1.13017,1.12995,2060000,3070000
2016-04-17 21:36:08.693000,1.13017,1.12995,2060000,3370000
2016-04-17 21:36:09.292000,1.13017,1.12995,2060000,3750000
2016-04-17 21:36:12.441000,1.13017,1.12994,4120000,5250000
2016-04-17 21:36:12.542000,1.13017,1.12994,4310000,4870000
2016-04-17 21:36:12.644000,1.13017,1.12994,4310000,5250000
2016-04-17 21:36:13.520000,1.13017,1.12994,4310000,4870000
2016-04-17 21:36:14.995000,1.13017,1.12994,2810000,3000000
2016-04-17 21:36:19.714000,1.13017,1.12994,2620000,3000000
2016-04-17 21:36:19.816000,1.13017,1.12994,4120000,4870000
2016-04-17 21:36:20.358000,1.13017,1.12994,4120000,4870000
2016-04-17 21:36:23.007000,1.13017,1.12994,4310000,5250000
2016-04-17 21:36:25.433000,1.13013,1.12993,2250000,1870000
2016-04-17 21:36:25.535000,1.13012,1.12992,2250000,2620000
2016-04-17 21:36:26.041000,1.13007,1.12987,2510000,4090000
2016-04-17 21:36:26.092000,1.13007,1.12987,3190000,3710000
2016-04-17 21:36:26.621000,1.13007,1.12987,2440000,1760000
2016-04-17 21:36:30.051000,1.13007,1.12985,3190000,3560000
2016-04-17 21:36:30.552000,1.13006,1.12985,3190000,2440000
2016-04-17 21:36:33.133000,1.13006,1.12985,3190000,1310000
2016-04-17 21:36:34.850000,1.13006,1.12985,2250000,1260000
2016-04-17 21:36:35.362000,1.13007,1.12985,3190000,8060000
2016-04-17 21:36:36.747000,1.13007,1.12985,3190000,7310000
2016-04-17 21:36:36.849000,1.13007,1.12985,3190000,6940000
2016-04-17 21:36:40.712000,1.13007,1.12985,1370000,5440000
2016-04-17 21:36:48.313000,1.13009,1.12986,4690000,2810000
2016-04-17 21:36:54.879000,1.13008,1.12986,2810000,1690000
2016-04-17 21:36:57.960000,1.13007,1.12986,1690000,1560000
2016-04-17 21:37:07.089000,1.13007,1.12985,3190000,6560000
2016-04-17 21:37:12.801000,1.13008,1.12985,4500000,7870000
2016-04-17 21:37:12.953000,1.13005,1.12984,6000000,1720000
2016-04-17 21:37:13.207000,1.12998,1.12979,1000000,2400000
2016-04-17 21:37:13.320000,1.12998,1.12979,1000000,2250000
2016-04-17 21:37:15.845000,1.12998,1.12976,1000000,2770000
2016-04-17 21:37:28.757000,1.12998,1.12979,1000000,2250000
2016-04-17 21:37:28.809000,1.12998,1.12979,1000000,3000000
2016-04-17 21:37:28.961000,1.13002,1.12979,3370000,3000000
2016-04-17 21:37:29.466000,1.13002,1.12979,3370000,2620000
2016-04-17 21:37:29.669000,1.13002,1.12979,3370000,2620000
2016-04-17 21:37:29.771000,1.12998,1.12979,1000000,2320000
2016-04-17 21:37:30.125000,1.12998,1.12979,1000000,2620000
2016-04-17 21:37:30.177000,1.13000,1.12979,1100000,2620000
2016-04-17 21:37:30.416000,1.13000,1.12979,3820000,2250000
2016-04-17 21:37:30.467000,1.12998,1.12979,1000000,2250000
2016-04-17 21:37:30.771000,1.12999,1.12980,2250000,2250000
2016-04-17 21:37:31.511000,1.12999,1.12980,2250000,1870000
2016-04-17 21:37:32.550000,1.12998,1.12979,1000000,2620000
2016-04-17 21:37:32.739000,1.12998,1.12979,1000000,2250000
2016-04-17 21:37:32.841000,1.12999,1.12979,1000000,3000000
2016-04-17 21:37:32.943000,1.13001,1.12979,1070000,2620000
2016-04-17 21:37:33.494000,1.13001,1.12979,1070000,4120000
2016-04-17 21:37:34.304000,1.13001,1.12980,1100000,2250000
2016-04-17 21:37:35.806000,1.13001,1.12980,1070000,4120000
2016-04-17 21:37:35.910000,1.13001,1.12980,1070000,3070000
2016-04-17 21:37:35.961000,1.12998,1.12980,1000000,1570000
2016-04-17 21:37:36.063000,1.12998,1.12977,1000000,1720000
2016-04-17 21:37:36.266000,1.12998,1.12978,1000000,2020000
2016-04-17 21:37:36.805000,1.12999,1.12976,1000000,2770000
2016-04-17 21:37:40.118000,1.12999,1.12977,1000000,2020000
2016-04-17 21:37:40.550000,1.12998,1.12977,1000000,1720000
2016-04-17 21:37:40.652000,1.12998,1.12976,1000000,2960000
2016-04-17 21:37:40.959000,1.13001,1.12979,2320000,1370000
2016-04-17 21:37:50.006000,1.13001,1.12978,1070000,2770000
2016-04-17 21:37:50.108000,1.13001,1.12978,1070000,2470000
2016-04-17 21:37:50.211000,1.12998,1.12978,1000000,2470000
2016-04-17 21:37:50.516000,1.13001,1.12978,1100000,2770000
2016-04-17 21:37:50.677000,1.12998,1.12978,1000000,2470000
2016-04-17 21:37:50.885000,1.12998,1.12978,1000000,1270000
2016-04-17 21:37:50.987000,1.13001,1.12978,1070000,2770000
2016-04-17 21:37:51.190000,1.12998,1.12978,1000000,2770000
2016-04-17 21:37:51.241000,1.12998,1.12978,1000000,2470000
2016-04-17 21:37:51.444000,1.12998,1.12978,1000000,2770000
2016-04-17 21:37:51.495000,1.13001,1.12978,1100000,2770000
2016-04-17 21:37:51.654000,1.13001,1.12978,1070000,3970000
2016-04-17 21:37:51.705000,1.12998,1.12978,1000000,2470000
2016-04-17 21:37:52.009000,1.13002,1.12978,3370000,3000000
2016-04-17 21:37:52.212000,1.12998,1.12978,1000000,1300000
2016-04-17 21:37:52.415000,1.12998,1.12978,1000000,1270000
2016-04-17 21:37:52.567000,1.12998,1.12978,1000000,2470000
2016-04-17 21:37:52.719000,1.13001,1.12978,1070000,3970000
2016-04-17 21:37:52.771000,1.13001,1.12978,1100000,4270000
2016-04-17 21:37:53.075000,1.13001,1.12978,1070000,3150000
2016-04-17 21:37:53.227000,1.13001,1.12978,1070000,1300000
2016-04-17 21:37:53.281000,1.12998,1.12978,1000000,1300000
2016-04-17 21:37:53.484000,1.13001,1.12978,1070000,2470000
2016-04-17 21:37:53.648000,1.13001,1.12978,1070000,1570000
2016-04-17 21:37:53.994000,1.13001,1.12978,1070000,3150000
2016-04-17 21:38:00.102000,1.12999,1.12979,1000000,2620000
2016-04-17 21:38:16.532000,1.12998,1.12978,1000000,4270000
2016-04-17 21:38:23.780000,1.12998,1.12978,1370000,2770000
2016-04-17 21:38:28.312000,1.12998,1.12978,1370000,2470000
2016-04-17 21:38:31.028000,1.12998,1.12976,1370000,2770000
2016-04-17 21:38:32.594000,1.12998,1.12976,1120000,2770000
2016-04-17 21:38:35.466000,1.12998,1.12976,1870000,1520000
2016-04-17 21:38:36.028000,1.12998,1.12976,1870000,1150000
2016-04-17 21:39:08.321000,1.12994,1.12974,1000000,1650000
2016-04-17 21:39:08.423000,1.12994,1.12974,1000000,1500000
2016-04-17 21:39:08.474000,1.12994,1.12971,1000000,2400000
2016-04-17 21:39:10.694000,1.12989,1.12971,1000000,1650000
2016-04-17 21:39:10.998000,1.12980,1.12970,2250000,1200000
2016-04-17 21:39:11.049000,1.12979,1.12964,3750000,1000000
2016-04-17 21:39:11.101000,1.12977,1.12956,1370000,2020000
2016-04-17 21:39:11.202000,1.12977,1.12956,2250000,1250000
2016-04-17 21:39:11.304000,1.12979,1.12956,1500000,1520000
2016-04-17 21:39:11.532000,1.12980,1.12958,1750000,1720000
2016-04-17 21:39:11.633000,1.12981,1.12959,2320000,1100000
2016-04-17 21:39:11.735000,1.12982,1.12960,1690000,3370000
2016-04-17 21:39:12.089000,1.12981,1.12960,1000000,3750000
2016-04-17 21:39:12.292000,1.12981,1.12960,1100000,3370000
2016-04-17 21:39:12.700000,1.12977,1.12960,1000000,1870000
2016-04-17 21:39:13.004000,1.12970,1.12953,1100000,2770000
2016-04-17 21:39:13.605000,1.12970,1.12954,1100000,1370000
2016-04-17 21:39:14.839000,1.12970,1.12954,1070000,1120000
2016-04-17 21:39:15.354000,1.12970,1.12953,1260000,3370000
2016-04-17 21:39:17.721000,1.12970,1.12953,1290000,3000000
2016-04-17 21:39:20.246000,1.12970,1.12954,1260000,1160000
2016-04-17 21:39:20.348000,1.12970,1.12953,1000000,1500000
2016-04-17 21:39:20.449000,1.12977,1.12954,2250000,2250000
2016-04-17 21:39:27.900000,1.12978,1.12955,5250000,2620000
2016-04-17 21:39:30.150000,1.12978,1.12955,5250000,4120000
2016-04-17 21:39:42.864000,1.12976,1.12954,1000000,1870000
2016-04-17 21:39:43.168000,1.12971,1.12951,1500000,1570000
2016-04-17 21:39:43.472000,1.12973,1.12950,2810000,4270000
2016-04-17 21:39:50.801000,1.12968,1.12950,1500000,1570000
2016-04-17 21:39:59.170000,1.12968,1.12948,3000000,3000000
2016-04-17 21:39:59.221000,1.12966,1.12947,2250000,1500000
2016-04-17 21:39:59.373000,1.12961,1.12940,1000000,3000000
2016-04-17 21:39:59.424000,1.12958,1.12940,1000000,1500000
2016-04-17 21:39:59.475000,1.12958,1.12935,3750000,3000000
2016-04-17 21:40:05.863000,1.12958,1.12934,1870000,1100000
2016-04-17 21:40:10.536000,1.12958,1.12935,2020000,1000000
2016-04-17 21:40:17.917000,1.12959,1.12935,2250000,3750000
2016-04-17 21:40:22.732000,1.12958,1.12935,1500000,1000000
2016-04-17 21:40:23.612000,1.12959,1.12935,3000000,1000000
2016-04-17 21:40:24.130000,1.12958,1.12935,1500000,1000000
2016-04-17 21:40:25.476000,1.12959,1.12935,3000000,1000000
2016-04-17 21:40:26.088000,1.12958,1.12935,1500000,1000000
2016-04-17 21:40:27.359000,1.12958,1.12933,2250000,2320000
2016-04-17 21:40:32.377000,1.12959,1.12934,2250000,2320000
2016-04-17 21:40:37.781000,1.12959,1.12935,1500000,1000000
2016-04-17 21:40:39.767000,1.12960,1.12935,2250000,1000000
2016-04-17 21:40:40.214000,1.12959,1.12939,1500000,1750000
2016-04-17 21:40:40.265000,1.12963,1.12941,1500000,1500000
2016-04-17 21:40:40.848000,1.12964,1.12941,2250000,2250000
2016-04-17 21:40:48.763000,1.12965,1.12941,3000000,4500000
2016-04-17 21:41:08.791000,1.12966,1.12941,4500000,4500000
2016-04-17 21:41:53.856000,1.12967,1.12943,2250000,1870000
2016-04-17 21:41:54.160000,1.12970,1.12944,3750000,1870000
2016-04-17 21:42:22.655000,1.12970,1.12946,3000000,2250000
2016-04-17 21:42:26.796000,1.12970,1.12948,3000000,1750000
2016-04-17 21:42:26.898000,1.12973,1.12949,1500000,2250000
2016-04-17 21:42:27.918000,1.12974,1.12949,3000000,2250000
2016-04-17 21:42:32.450000,1.12978,1.12951,2250000,2620000
2016-04-17 21:42:41.396000,1.12975,1.12951,1000000,1870000
2016-04-17 21:42:41.713000,1.12973,1.12948,4120000,3000000
2016-04-17 21:42:46.366000,1.12973,1.12948,1870000,3000000
2016-04-17 21:43:19.186000,1.12974,1.12950,5250000,3000000
2016-04-17 21:43:19.603000,1.12974,1.12950,5250000,3000000
2016-04-17 21:43:31.397000,1.12973,1.12950,1750000,3000000
2016-04-17 21:43:39.454000,1.12973,1.12950,2250000,1500000
2016-04-17 21:43:42.422000,1.12972,1.12950,2250000,1370000
2016-04-17 21:43:55.741000,1.12973,1.12951,3000000,2250000
2016-04-17 21:43:56.271000,1.12972,1.12950,2250000,1500000
2016-04-17 21:44:17.723000,1.12972,1.12950,2250000,1120000
2016-04-17 21:44:33.811000,1.12972,1.12947,2250000,4500000
2016-04-17 21:44:39.848000,1.12972,1.12947,1870000,4500000
2016-04-17 21:44:52.072000,1.12974,1.12949,1750000,3000000
2016-04-17 21:44:52.708000,1.12974,1.12949,1750000,3000000
2016-04-17 21:44:57.320000,1.12974,1.12951,2250000,2250000
2016-04-17 21:44:59.622000,1.12974,1.12949,3750000,2250000
2016-04-17 21:45:00.142000,1.12973,1.12949,2250000,1870000
2016-04-17 21:45:09.113000,1.12971,1.12947,2250000,1870000
2016-04-17 21:45:18.443000,1.12971,1.12947,3750000,2250000
2016-04-17 21:45:32.991000,1.12971,1.12949,1870000,1500000
2016-04-17 21:45:33.093000,1.12974,1.12950,6370000,2250000
2016-04-17 21:45:37.709000,1.12974,1.12951,3750000,1870000
2016-04-17 21:46:17.617000,1.12973,1.12949,9000000,2250000
2016-04-17 21:46:22.234000,1.12970,1.12946,5620000,2020000
2016-04-17 21:46:22.336000,1.12968,1.12945,1870000,3900000
2016-04-17 21:46:22.680000,1.12967,1.12943,3750000,1900000
2016-04-17 21:46:24.104000,1.12967,1.12946,1570000,3750000
2016-04-17 21:46:24.205000,1.12967,1.12943,3750000,3150000
2016-04-17 21:46:26.844000,1.12968,1.12944,3000000,5250000
2016-04-17 21:46:26.997000,1.12970,1.12947,8060000,1750000
2016-04-17 21:46:27.199000,1.12970,1.12950,1070000,1500000
2016-04-17 21:46:27.402000,1.12970,1.12947,1620000,2250000
2016-04-17 21:46:27.755000,1.12970,1.12950,2510000,2250000
2016-04-17 21:46:27.856000,1.12970,1.12949,2060000,2250000
2016-04-17 21:46:28.849000,1.12970,1.12949,1760000,2250000
2016-04-17 21:46:34.009000,1.12970,1.12948,1620000,3000000
2016-04-17 21:46:42.822000,1.12970,1.12950,1760000,2250000
2016-04-17 21:46:43.332000,1.12970,1.12950,1010000,2250000
2016-04-17 21:46:45.026000,1.12970,1.12950,1760000,2250000
2016-04-17 21:47:01.495000,1.12970,1.12953,1690000,1750000
2016-04-17 21:47:07.020000,1.12970,1.12951,1100000,1870000
2016-04-17 21:47:09.121000,1.12970,1.12951,1760000,1870000
2016-04-17 21:47:09.667000,1.12970,1.12951,1690000,1870000
2016-04-17 21:47:12.615000,1.12970,1.12951,1760000,1870000
2016-04-17 21:47:13.161000,1.12970,1.12951,1690000,1870000
2016-04-17 21:47:13.678000,1.12970,1.12951,1760000,1870000
2016-04-17 21:47:16.708000,1.12970,1.12951,1760000,1870000
2016-04-17 21:47:16.910000,1.12970,1.12950,2060000,3000000
2016-04-17 21:47:20.663000,1.12970,1.12950,2060000,3000000
2016-04-17 21:47:21.442000,1.12970,1.12950,2060000,3000000
2016-04-17 21:47:24.750000,1.12970,1.12950,2060000,3000000
2016-04-17 21:47:28.559000,1.12970,1.12951,1760000,1870000
2016-04-17 21:47:29.065000,1.12970,1.12951,1760000,1870000
2016-04-17 21:47:37.830000,1.12970,1.12951,2060000,1870000
2016-04-17 21:47:40.560000,1.12970,1.12951,1760000,1870000
2016-04-17 21:47:48.604000,1.12970,1.12951,1690000,1870000
2016-04-17 21:47:49.130000,1.12970,1.12951,1760000,1870000
2016-04-17 21:47:52.774000,1.12970,1.12951,1320000,1870000
2016-04-17 21:47:53.280000,1.12970,1.12951,1320000,1870000
2016-04-17 21:48:04.116000,1.12970,1.12951,1310000,1870000
2016-04-17 21:48:13.394000,1.12970,1.12951,1010000,1870000
2016-04-17 21:48:45.176000,1.12970,1.12951,1310000,1870000
2016-04-17 21:49:01.540000,1.12970,1.12951,1010000,1750000
2016-04-17 21:49:01.852000,1.12970,1.12951,1310000,1870000
2016-04-17 21:49:14.290000,1.12970,1.12954,1250000,1870000
2016-04-17 21:49:14.546000,1.12970,1.12949,1620000,2250000
2016-04-17 21:49:15.734000,1.12970,1.12949,1320000,2250000
2016-04-17 21:49:18.391000,1.12970,1.12949,1310000,2250000
2016-04-17 21:49:20.045000,1.12970,1.12949,1320000,3750000
2016-04-17 21:49:23.869000,1.12970,1.12950,1010000,1750000
2016-04-17 21:49:26.022000,1.12970,1.12950,1320000,4500000
2016-04-17 21:49:30.061000,1.12970,1.12950,1320000,3370000
2016-04-17 21:49:31.380000,1.12970,1.12950,1320000,3370000
2016-04-17 21:49:37.328000,1.12970,1.12949,1320000,3750000
2016-04-17 21:49:37.877000,1.12970,1.12949,1310000,3750000
2016-04-17 21:50:00.984000,1.12972,1.12951,1000000,1870000
2016-04-17 21:50:05.728000,1.12973,1.12951,1000000,1870000
2016-04-17 21:50:05.880000,1.12970,1.12951,1000000,1870000
2016-04-17 21:50:09.676000,1.12973,1.12951,2250000,1870000
2016-04-17 21:50:15.265000,1.12971,1.12950,1500000,3370000
2016-04-17 21:50:15.573000,1.12971,1.12950,4500000,1370000
2016-04-17 21:50:17.009000,1.12971,1.12950,3750000,2620000
2016-04-17 21:50:17.444000,1.12971,1.12950,4500000,1370000
2016-04-17 21:50:18.021000,1.12971,1.12950,3750000,2620000
2016-04-17 21:50:18.476000,1.12971,1.12950,4500000,1370000
2016-04-17 21:50:18.578000,1.12971,1.12950,3750000,2620000
2016-04-17 21:50:19.108000,1.12971,1.12950,4500000,1370000
2016-04-17 21:50:19.310000,1.12971,1.12949,3820000,2250000
2016-04-17 21:50:20.152000,1.12970,1.12948,1500000,3000000
2016-04-17 21:50:20.364000,1.12973,1.12950,2250000,4120000
2016-04-17 21:50:27.322000,1.12972,1.12951,1000000,1870000
2016-04-17 21:50:27.373000,1.12965,1.12951,1190000,1870000
2016-04-17 21:50:27.474000,1.12963,1.12951,1190000,1500000
2016-04-17 21:50:27.525000,1.12958,1.12949,1000000,1570000
2016-04-17 21:50:27.677000,1.12955,1.12944,1000000,1070000
2016-04-17 21:50:28.610000,1.12956,1.12944,1000000,1070000
2016-04-17 21:50:29.149000,1.12955,1.12944,1000000,1070000
2016-04-17 21:50:30.127000,1.12955,1.12944,1690000,1070000
2016-04-17 21:50:33.636000,1.12955,1.12942,1760000,1120000
2016-04-17 21:50:34.186000,1.12955,1.12942,1690000,1370000
2016-04-17 21:50:39.892000,1.12955,1.12942,1690000,1120000
2016-04-17 21:50:44.658000,1.12955,1.12942,1690000,1370000
2016-04-17 21:50:46.724000,1.12955,1.12943,1760000,1100000
2016-04-17 21:50:47.923000,1.12955,1.12942,1690000,1370000
2016-04-17 21:50:54.422000,1.12955,1.12942,1290000,1120000
2016-04-17 21:50:54.976000,1.12955,1.12942,1290000,1120000
2016-04-17 21:50:55.879000,1.12955,1.12942,1760000,1120000
2016-04-17 21:50:57.500000,1.12955,1.12942,1760000,1100000
2016-04-17 21:51:05.116000,1.12955,1.12942,1690000,1070000
2016-04-17 21:51:05.873000,1.12955,1.12942,1690000,1120000
2016-04-17 21:51:06.402000,1.12955,1.12942,1190000,1370000
2016-04-17 21:51:21.837000,1.12955,1.12943,1290000,1100000
2016-04-17 21:51:28.043000,1.12950,1.12940,1000000,1370000
2016-04-17 21:51:28.095000,1.12946,1.12938,1500000,1500000
2016-04-17 21:51:28.264000,1.12945,1.12930,1250000,1000000
2016-04-17 21:51:28.798000,1.12946,1.12930,2510000,1000000
2016-04-17 21:51:29.203000,1.12946,1.12927,3560000,1120000
2016-04-17 21:51:37.671000,1.12946,1.12927,4010000,1120000
2016-04-17 21:51:38.571000,1.12946,1.12925,4010000,5620000
2016-04-17 21:52:23.251000,1.12946,1.12930,1250000,1000000
2016-04-17 21:52:23.429000,1.12948,1.12930,2250000,1000000
2016-04-17 21:52:43.472000,1.12950,1.12930,4500000,1000000
2016-04-17 21:52:53.773000,1.12950,1.12929,4500000,1100000
2016-04-17 21:53:12.854000,1.12950,1.12935,3750000,1000000
2016-04-17 21:53:13.160000,1.12956,1.12948,1150000,1500000
2016-04-17 21:53:13.211000,1.12956,1.12940,2620000,1500000
2016-04-17 21:53:13.262000,1.12956,1.12934,2620000,3000000
2016-04-17 21:53:20.643000,1.12954,1.12931,2250000,2250000
2016-04-17 21:53:25.668000,1.12953,1.12931,1000000,1500000
2016-04-17 21:53:26.220000,1.12953,1.12930,2250000,3750000
2016-04-17 21:54:01.662000,1.12954,1.12930,2250000,2250000
2016-04-17 21:54:02.163000,1.12953,1.12930,1500000,3750000
2016-04-17 21:54:02.664000,1.12954,1.12930,2250000,2250000
2016-04-17 21:54:37.709000,1.12954,1.12929,2250000,2320000
2016-04-17 21:54:46.131000,1.12954,1.12929,2250000,3000000
2016-04-17 21:54:50.095000,1.12955,1.12931,3070000,2620000
2016-04-17 21:54:53.915000,1.12956,1.12932,2320000,1120000
2016-04-17 21:54:54.219000,1.12965,1.12955,1010000,1000000
2016-04-17 21:55:16.710000,1.12968,1.12954,1310000,1500000
2016-04-17 21:55:20.670000,1.12972,1.12954,3000000,1500000
2016-04-17 21:55:20.772000,1.12977,1.12957,2400000,1000000
2016-04-17 21:55:20.823000,1.12977,1.12957,2250000,1000000
2016-04-17 21:56:01.264000,1.12977,1.12956,2620000,1100000
2016-04-17 21:56:01.998000,1.12977,1.12957,2620000,1000000
2016-04-17 21:56:07.406000,1.12978,1.12954,3370000,1500000
2016-04-17 21:56:50.169000,1.12975,1.12958,1000000,1000000
2016-04-17 21:56:50.236000,1.12975,1.12954,1000000,1070000
2016-04-17 21:57:09.672000,1.12971,1.12954,1000000,1070000
2016-04-17 21:57:09.976000,1.12964,1.12950,1690000,1120000
2016-04-17 21:57:10.279000,1.12961,1.12950,1190000,1500000
2016-04-17 21:57:10.817000,1.12961,1.12950,1190000,1120000
2016-04-17 21:57:13.903000,1.12961,1.12951,1260000,1000000
2016-04-17 21:57:14.406000,1.12961,1.12952,1260000,1000000
2016-04-17 21:57:15.322000,1.12961,1.12951,1260000,1000000
2016-04-17 21:57:15.670000,1.12961,1.12957,1260000,1000000
2016-04-17 21:57:15.771000,1.12968,1.12957,1000000,1000000
2016-04-17 21:57:20.694000,1.12973,1.12957,1320000,1000000
2016-04-17 21:57:24.030000,1.12974,1.12957,2060000,1000000
2016-04-17 21:57:37.861000,1.12974,1.12957,1690000,1000000
2016-04-17 21:57:37.912000,1.12975,1.12959,3190000,1000000
2016-04-17 21:57:40.811000,1.12977,1.12959,1310000,1070000
2016-04-17 21:57:42.551000,1.12977,1.12959,1870000,1070000
2016-04-17 21:57:48.332000,1.12977,1.12959,1200000,1100000
2016-04-17 21:58:19.835000,1.12977,1.12954,3150000,3000000
2016-04-17 21:58:24.842000,1.12976,1.12955,1000000,1120000
2016-04-17 21:58:24.943000,1.12976,1.12954,2250000,1500000
2016-04-17 21:58:30.858000,1.12977,1.12955,2250000,2620000
2016-04-17 21:58:32.951000,1.12977,1.12955,2250000,3000000
2016-04-17 21:58:34.530000,1.12977,1.12958,2250000,1070000
2016-04-17 21:58:35.150000,1.12977,1.12958,1000000,1000000
2016-04-17 21:58:37.821000,1.12977,1.12958,2250000,1070000
2016-04-17 21:58:43.283000,1.12977,1.12958,1690000,1070000
2016-04-17 21:58:43.586000,1.12975,1.12958,1940000,2320000
2016-04-17 21:58:46.055000,1.12974,1.12958,3190000,2250000
2016-04-17 21:58:48.700000,1.12975,1.12958,1940000,2250000
2016-04-17 21:58:48.802000,1.12975,1.12958,1690000,1570000
2016-04-17 21:58:51.913000,1.12976,1.12958,4690000,2320000
2016-04-17 21:58:52.530000,1.12975,1.12958,1690000,1070000
2016-04-17 21:58:57.273000,1.12975,1.12958,1940000,1100000
2016-04-17 21:58:59.082000,1.12975,1.12958,2000000,1760000
2016-04-17 21:58:59.632000,1.12975,1.12958,1690000,1760000
2016-04-17 21:59:00.688000,1.12975,1.12958,1690000,1500000
2016-04-17 21:59:01.290000,1.12975,1.12958,1940000,2320000
2016-04-17 21:59:01.795000,1.12975,1.12958,1690000,2320000
2016-04-17 21:59:01.998000,1.12975,1.12958,1310000,2620000
2016-04-17 21:59:02.454000,1.12975,1.12959,1290000,2620000
2016-04-17 21:59:03.320000,1.12974,1.12962,260000,100000
2016-04-17 21:59:03.972000,1.12973,1.12961,100000,100000
2016-04-17 21:59:12.926000,1.12972,1.12960,100000,100000
2016-04-17 21:59:13.234000,1.12969,1.12959,100000,1500000
2016-04-17 21:59:24.683000,1.12968,1.12959,100000,2250000
2016-04-17 21:59:25.207000,1.12968,1.12958,100000,2250000
2016-04-17 21:59:28.098000,1.12973,1.12961,100000,100000
2016-04-17 21:59:28.200000,1.12971,1.12959,100000,100000
2016-04-17 21:59:28.775000,1.12972,1.12958,100000,2320000
2016-04-17 21:59:29.411000,1.12970,1.12958,100000,2320000
2016-04-17 21:59:30.289000,1.12969,1.12958,100000,750000
2016-04-17 21:59:33.273000,1.12968,1.12958,100000,2250000
2016-04-17 21:59:35.328000,1.12967,1.12958,100000,2250000
2016-04-17 21:59:37.872000,1.12971,1.12959,100000,100000
2016-04-17 21:59:38.185000,1.12967,1.12958,100000,2250000
2016-04-17 21:59:38.442000,1.12971,1.12959,100000,100000
2016-04-17 21:59:38.641000,1.12969,1.12958,100000,2250000
2016-04-17 21:59:38.742000,1.12971,1.12958,100000,2250000
2016-04-17 21:59:39.097000,1.12969,1.12958,100000,2250000
2016-04-17 21:59:40.696000,1.12967,1.12958,100000,2250000
2016-04-17 21:59:44.304000,1.12967,1.12955,100000,750000
2016-04-17 21:59:44.831000,1.12966,1.12955,100000,750000
2016-04-17 21:59:45.375000,1.12966,1.12954,100000,3000000
2016-04-17 21:59:46.809000,1.12967,1.12955,100000,100000
2016-04-17 21:59:47.360000,1.12970,1.12958,100000,100000
2016-04-17 21:59:47.663000,1.12967,1.12955,100000,100000
2016-04-17 21:59:48.011000,1.12971,1.12959,100000,100000
2016-04-17 21:59:48.417000,1.12973,1.12961,100000,100000
2016-04-17 21:59:48.722000,1.12969,1.12957,100000,100000
2016-04-17 21:59:49.026000,1.12972,1.12960,100000,100000
2016-04-17 21:59:49.531000,1.12970,1.12958,100000,100000
2016-04-17 21:59:49.957000,1.12972,1.12960,100000,100000
2016-04-17 21:59:50.261000,1.12968,1.12956,100000,2320000
2016-04-17 21:59:50.521000,1.12971,1.12957,100000,100000
2016-04-17 21:59:50.622000,1.12968,1.12956,100000,2320000
2016-04-17 21:59:50.875000,1.12971,1.12957,100000,100000
2016-04-17 21:59:51.078000,1.12973,1.12961,100000,100000
2016-04-17 21:59:51.417000,1.12970,1.12958,100000,100000
2016-04-17 21:59:52.627000,1.12971,1.12959,100000,100000
2016-04-17 21:59:53.161000,1.12972,1.12959,2250000,100000
2016-04-17 21:59:58.656000,1.12972,1.12962,1500000,100000
2016-04-17 21:59:58.909000,1.12971,1.12959,100000,100000
2016-04-17 21:59:59.419000,1.12970,1.12958,100000,100000
2016-04-17 21:59:59.594000,1.12965,1.12958,750000,100000
2016-04-17 21:59:59.852000,1.12963,1.12955,750000,1950000
2016-04-17 22:00:00.005000,1.12963,1.12957,750000,100000
2016-04-17 22:00:00.309000,1.12963,1.12955,750000,810000
2016-04-17 22:00:00.411000,1.12962,1.12953,1500000,100000
2016-04-17 22:00:00.462000,1.12960,1.12953,750000,100000
2016-04-17 22:00:00.514000,1.12959,1.12948,100000,720000
2016-04-17 22:00:00.615000,1.12957,1.12943,750000,750000
2016-04-17 22:00:00.666000,1.12942,1.12941,750000,3320000
2016-04-17 22:00:00.819000,1.12952,1.12940,1500000,100000
2016-04-17 22:00:01.177000,1.12955,1.12940,100000,1500000
2016-04-17 22:00:01.432000,1.12958,1.12940,820000,1570000
2016-04-17 22:00:01.954000,1.12956,1.12941,100000,3750000
2016-04-17 22:00:03.665000,1.12956,1.12940,2320000,100000
2016-04-17 22:00:03.969000,1.12952,1.12935,100000,5320000
2016-04-17 22:00:04.509000,1.12949,1.12934,750000,100000
2016-04-17 22:00:04.829000,1.12944,1.12930,750000,3750000
2016-04-17 22:00:04.930000,1.12951,1.12931,2250000,100000
2016-04-17 22:00:05.336000,1.12949,1.12931,750000,100000
2016-04-17 22:00:05.662000,1.12942,1.12930,750000,100000
2016-04-17 22:00:05.764000,1.12942,1.12928,1500000,100000
2016-04-17 22:00:05.866000,1.12941,1.12925,1500000,820000
2016-04-17 22:00:05.967000,1.12940,1.12928,1500000,100000
2016-04-17 22:00:06.119000,1.12940,1.12926,1500000,100000
2016-04-17 22:00:06.271000,1.12940,1.12929,1500000,100000
2016-04-17 22:00:06.474000,1.12941,1.12927,3000000,100000
2016-04-17 22:00:06.576000,1.12940,1.12925,1500000,750000
2016-04-17 22:00:06.941000,1.12938,1.12925,750000,750000
2016-04-17 22:00:07.449000,1.12937,1.12925,1500000,750000
2016-04-17 22:00:07.755000,1.12938,1.12927,1500000,100000
2016-04-17 22:00:07.856000,1.12938,1.12924,1500000,1570000
2016-04-17 22:00:07.958000,1.12935,1.12928,1500000,100000
2016-04-17 22:00:08.060000,1.12934,1.12926,750000,100000
2016-04-17 22:00:08.212000,1.12929,1.12926,1500000,100000
2016-04-17 22:00:08.314000,1.12933,1.12925,1500000,750000
2016-04-17 22:00:08.462000,1.12936,1.12925,1500000,820000
2016-04-17 22:00:08.971000,1.12937,1.12925,2250000,820000
2016-04-17 22:00:09.124000,1.12935,1.12925,750000,100000
2016-04-17 22:00:09.225000,1.12926,1.12914,750000,750000
2016-04-17 22:00:09.327000,1.12925,1.12905,1500000,2620000
2016-04-17 22:00:09.632000,1.12924,1.12907,1500000,750000
2016-04-17 22:00:09.941000,1.12930,1.12915,3190000,100000
2016-04-17 22:00:10.211000,1.12927,1.12908,750000,1500000
2016-04-17 22:00:10.313000,1.12926,1.12906,2250000,1500000
2016-04-17 22:00:11.238000,1.12925,1.12906,2250000,1500000
2016-04-17 22:00:11.880000,1.12925,1.12905,1500000,1500000
2016-04-17 22:00:14.238000,1.12926,1.12908,750000,1500000
2016-04-17 22:00:14.289000,1.12928,1.12908,3190000,1500000
2016-04-17 22:00:15.129000,1.12926,1.12906,1500000,2250000
2016-04-17 22:00:15.475000,1.12919,1.12901,1500000,750000
2016-04-17 22:00:15.678000,1.12919,1.12899,1500000,1500000
2016-04-17 22:00:16.163000,1.12913,1.12899,2250000,1500000
2016-04-17 22:00:16.468000,1.12917,1.12906,1350000,100000
2016-04-17 22:00:16.570000,1.12913,1.12897,370000,1500000
2016-04-17 22:00:17.112000,1.12912,1.12898,370000,1500000
2016-04-17 22:00:17.518000,1.12912,1.12900,370000,750000
2016-04-17 22:00:18.126000,1.12913,1.12900,750000,750000
2016-04-17 22:00:18.633000,1.12912,1.12900,2250000,750000
2016-04-17 22:00:20.383000,1.12912,1.12899,750000,1500000
2016-04-17 22:00:21.285000,1.12912,1.12900,750000,750000
2016-04-17 22:00:21.589000,1.12919,1.12906,1500000,100000
2016-04-17 22:00:21.792000,1.12920,1.12900,3000000,2250000
2016-04-17 22:00:23.557000,1.12919,1.12900,1500000,1500000
2016-04-17 22:00:23.608000,1.12913,1.12899,1120000,3940000
2016-04-17 22:00:24.114000,1.12912,1.12899,370000,2250000
2016-04-17 22:00:25.316000,1.12912,1.12901,600000,750000
2016-04-17 22:00:25.843000,1.12912,1.12902,600000,2250000
2016-04-17 22:00:26.563000,1.12912,1.12901,600000,750000
2016-04-17 22:00:26.917000,1.12912,1.12909,150000,1500000
2016-04-17 22:00:26.969000,1.12917,1.12909,1500000,1500000
2016-04-17 22:00:27.020000,1.12917,1.12915,1500000,100000
2016-04-17 22:00:27.172000,1.12917,1.12909,1500000,1500000
2016-04-17 22:00:28.259000,1.12918,1.12917,1500000,100000
2016-04-17 22:00:28.615000,1.12927,1.12917,1500000,100000
2016-04-17 22:00:28.666000,1.12930,1.12917,750000,100000
2016-04-17 22:00:28.717000,1.12933,1.12917,750000,100000
2016-04-17 22:00:28.920000,1.12933,1.12919,1650000,100000
2016-04-17 22:00:30.020000,1.12932,1.12919,750000,100000
2016-04-17 22:00:30.527000,1.12933,1.12919,2400000,100000
2016-04-17 22:00:31.034000,1.12933,1.12920,900000,100000
2016-04-17 22:00:31.537000,1.12937,1.12920,1500000,100000
2016-04-17 22:00:34.270000,1.12936,1.12920,750000,100000
2016-04-17 22:00:34.473000,1.12939,1.12921,3000000,100000
2016-04-17 22:00:34.524000,1.12939,1.12923,2250000,100000
2016-04-17 22:00:34.626000,1.12939,1.12921,2250000,100000
2016-04-17 22:00:35.462000,1.12929,1.12921,150000,100000
2016-04-17 22:00:36.020000,1.12930,1.12921,600000,100000
2016-04-17 22:00:38.927000,1.12930,1.12922,600000,100000
2016-04-17 22:00:39.435000,1.12930,1.12921,600000,100000
2016-04-17 22:00:39.740000,1.12925,1.12921,450000,100000
2016-04-17 22:00:40.672000,1.12925,1.12918,600000,100000
2016-04-17 22:00:40.773000,1.12925,1.12916,600000,100000
2016-04-17 22:00:41.280000,1.12925,1.12918,600000,750000
2016-04-17 22:00:41.382000,1.12930,1.12918,750000,750000
2016-04-17 22:00:41.910000,1.12930,1.12916,600000,100000
2016-04-17 22:00:42.215000,1.12929,1.12914,820000,100000
2016-04-17 22:00:42.774000,1.12929,1.12912,450000,100000
2016-04-17 22:00:43.482000,1.12929,1.12916,100000,150000
2016-04-17 22:00:44.445000,1.12929,1.12914,150000,100000
2016-04-17 22:00:44.648000,1.12927,1.12913,100000,100000
2016-04-17 22:00:45.154000,1.12926,1.12914,100000,100000
2016-04-17 22:00:45.662000,1.12927,1.12915,100000,100000
2016-04-17 22:00:45.765000,1.12934,1.12917,1500000,750000
2016-04-17 22:00:46.320000,1.12934,1.12916,750000,750000
2016-04-17 22:00:46.833000,1.12934,1.12917,750000,750000
2016-04-17 22:00:46.935000,1.12934,1.12915,750000,100000
2016-04-17 22:00:47.088000,1.12935,1.12919,100000,750000
2016-04-17 22:00:47.723000,1.12934,1.12920,750000,750000
2016-04-17 22:00:48.230000,1.12934,1.12919,1500000,100000
2016-04-17 22:00:49.687000,1.12935,1.12919,750000,100000
2016-04-17 22:00:49.738000,1.12939,1.12919,750000,100000
2016-04-17 22:00:49.789000,1.12937,1.12919,750000,100000
2016-04-17 22:00:49.992000,1.12939,1.12920,370000,750000
2016-04-17 22:00:50.246000,1.12939,1.12918,370000,4120000
2016-04-17 22:00:51.189000,1.12940,1.12918,450000,4120000
2016-04-17 22:00:51.740000,1.12939,1.12918,370000,4500000
2016-04-17 22:00:52.311000,1.12939,1.12920,370000,1500000
2016-04-17 22:00:52.612000,1.12939,1.12922,370000,1500000
2016-04-17 22:00:53.121000,1.12940,1.12923,370000,100000
2016-04-17 22:00:53.670000,1.12939,1.12922,370000,370000
2016-04-17 22:00:55.811000,1.12939,1.12923,370000,370000
2016-04-17 22:00:56.338000,1.12940,1.12923,370000,100000
2016-04-17 22:00:56.662000,1.12936,1.12923,750000,100000
2016-04-17 22:00:57.018000,1.12939,1.12923,450000,370000
2016-04-17 22:00:57.272000,1.12939,1.12925,450000,100000
2016-04-17 22:00:57.730000,1.12938,1.12923,100000,100000
2016-04-17 22:00:58.308000,1.12938,1.12925,370000,100000
2016-04-17 22:00:58.512000,1.12937,1.12923,100000,100000
2016-04-17 22:00:59.019000,1.12937,1.12922,100000,100000
2016-04-17 22:00:59.560000,1.12937,1.12920,100000,100000
2016-04-17 22:01:00.274000,1.12937,1.12922,100000,100000
2016-04-17 22:01:00.580000,1.12937,1.12920,100000,100000
2016-04-17 22:01:01.116000,1.12936,1.12920,370000,100000
2016-04-17 22:01:01.573000,1.12935,1.12918,750000,100000
2016-04-17 22:01:02.081000,1.12934,1.12918,3750000,100000
2016-04-17 22:01:02.482000,1.12931,1.12916,100000,100000
2016-04-17 22:01:03.042000,1.12932,1.12919,750000,750000
2016-04-17 22:01:03.346000,1.12933,1.12915,1500000,100000
2016-04-17 22:01:03.889000,1.12932,1.12915,2250000,100000
2016-04-17 22:01:05.100000,1.12932,1.12916,2250000,100000
2016-04-17 22:01:08.198000,1.12932,1.12917,2250000,750000
2016-04-17 22:01:08.837000,1.12930,1.12915,750000,370000
2016-04-17 22:01:08.888000,1.12930,1.12911,750000,2250000
2016-04-17 22:01:10.712000,1.12931,1.12911,750000,1500000
2016-04-17 22:01:11.335000,1.12930,1.12911,370000,1500000
2016-04-17 22:01:11.437000,1.12930,1.12909,820000,1500000
2016-04-17 22:01:12.095000,1.12930,1.12910,450000,370000
2016-04-17 22:01:12.146000,1.12928,1.12910,750000,370000
2016-04-17 22:01:12.719000,1.12929,1.12909,3000000,1500000
2016-04-17 22:01:13.226000,1.12929,1.12910,3750000,370000
2016-04-17 22:01:14.406000,1.12929,1.12909,2250000,1870000
2016-04-17 22:01:14.914000,1.12929,1.12910,3000000,370000
2016-04-17 22:01:15.218000,1.12929,1.12918,3000000,750000
2016-04-17 22:01:15.422000,1.12930,1.12915,820000,1500000
2016-04-17 22:01:15.473000,1.12930,1.12910,100000,1870000
2016-04-17 22:01:15.639000,1.12930,1.12914,100000,3070000
2016-04-17 22:01:16.045000,1.12930,1.12910,1200000,2250000
2016-04-17 22:01:16.198000,1.12930,1.12914,450000,100000
2016-04-17 22:01:16.654000,1.12930,1.12911,100000,750000
2016-04-17 22:01:16.705000,1.12930,1.12914,100000,370000
2016-04-17 22:01:17.164000,1.12930,1.12911,450000,750000
2016-04-17 22:01:17.215000,1.12930,1.12913,100000,450000
2016-04-17 22:01:17.521000,1.12930,1.12915,1950000,370000
2016-04-17 22:01:17.724000,1.12929,1.12913,1500000,750000
2016-04-17 22:01:17.775000,1.12929,1.12911,1500000,750000
2016-04-17 22:01:17.826000,1.12929,1.12913,1500000,370000
2016-04-17 22:01:18.334000,1.12928,1.12914,2250000,2320000
2016-04-17 22:01:18.464000,1.12928,1.12912,3000000,750000
2016-04-17 22:01:19.015000,1.12928,1.12911,3750000,750000
2016-04-17 22:01:19.521000,1.12928,1.12912,3000000,750000
2016-04-17 22:01:20.331000,1.12927,1.12912,750000,750000
2016-04-17 22:01:21.041000,1.12928,1.12912,3750000,750000
2016-04-17 22:01:21.579000,1.12927,1.12912,750000,750000
2016-04-17 22:01:22.137000,1.12928,1.12911,3000000,4200000
2016-04-17 22:01:22.442000,1.12930,1.12912,3820000,750000
2016-04-17 22:01:22.975000,1.12930,1.12911,4200000,3820000
2016-04-17 22:01:23.482000,1.12930,1.12910,2320000,2250000
2016-04-17 22:01:23.939000,1.12930,1.12912,3450000,750000
2016-04-17 22:01:25.764000,1.12930,1.12911,1500000,1760000
2016-04-17 22:01:28.262000,1.12930,1.12914,1500000,750000
2016-04-17 22:01:28.559000,1.12930,1.12912,1500000,750000
2016-04-17 22:01:29.193000,1.12930,1.12911,1500000,1760000
2016-04-17 22:01:30.244000,1.12930,1.12916,1500000,600000
2016-04-17 22:01:30.791000,1.12931,1.12916,2400000,600000
2016-04-17 22:01:32.253000,1.12931,1.12920,150000,220000
2016-04-17 22:01:33.170000,1.12930,1.12919,1500000,220000
2016-04-17 22:01:34.280000,1.12927,1.12920,750000,220000
2016-04-17 22:01:36.872000,1.12928,1.12920,1500000,220000
2016-04-17 22:01:37.177000,1.12930,1.12920,1500000,220000
2016-04-17 22:01:37.684000,1.12931,1.12920,100000,220000
2016-04-17 22:01:45.111000,1.12931,1.12916,100000,600000
2016-04-17 22:01:48.256000,1.12931,1.12917,100000,100000
2016-04-17 22:01:48.560000,1.12931,1.12914,100000,1500000
2016-04-17 22:01:48.611000,1.12931,1.12911,100000,3600000
2016-04-17 22:01:48.662000,1.12931,1.12913,100000,1120000
2016-04-17 22:01:48.967000,1.12931,1.12916,100000,100000
2016-04-17 22:01:49.221000,1.12931,1.12914,100000,100000
2016-04-17 22:01:49.323000,1.12931,1.12917,100000,100000
2016-04-17 22:01:49.748000,1.12931,1.12912,100000,1500000
2016-04-17 22:01:49.849000,1.12931,1.12916,100000,100000
2016-04-17 22:01:50.311000,1.12931,1.12912,100000,100000
2016-04-17 22:01:50.463000,1.12931,1.12917,100000,100000
2016-04-17 22:01:50.869000,1.12931,1.12913,100000,1500000
2016-04-17 22:01:50.920000,1.12931,1.12911,100000,2470000
2016-04-17 22:01:50.971000,1.12931,1.12913,100000,1870000
2016-04-17 22:01:51.314000,1.12931,1.12917,100000,100000
2016-04-17 22:01:51.416000,1.12931,1.12912,100000,100000
2016-04-17 22:01:51.568000,1.12931,1.12916,100000,100000
2016-04-17 22:01:52.024000,1.12931,1.12911,100000,2920000
2016-04-17 22:01:52.075000,1.12931,1.12913,100000,1950000
2016-04-17 22:01:52.402000,1.12931,1.12916,100000,750000
2016-04-17 22:01:52.453000,1.12931,1.12915,100000,370000
2016-04-17 22:01:52.504000,1.12931,1.12911,100000,2920000
2016-04-17 22:01:52.606000,1.12931,1.12913,100000,1870000
2016-04-17 22:01:52.908000,1.12931,1.12917,100000,100000
2016-04-17 22:01:53.415000,1.12931,1.12918,100000,100000
2016-04-17 22:01:53.568000,1.12931,1.12916,100000,1200000
2016-04-17 22:01:53.771000,1.12931,1.12920,100000,100000
2016-04-17 22:01:54.076000,1.12931,1.12917,100000,750000
2016-04-17 22:01:54.179000,1.12931,1.12920,100000,100000
2016-04-17 22:01:54.576000,1.12931,1.12918,100000,1500000
2016-04-17 22:01:54.627000,1.12931,1.12916,100000,150000
2016-04-17 22:01:54.779000,1.12931,1.12918,100000,100000
2016-04-17 22:01:55.191000,1.12931,1.12916,100000,600000
2016-04-17 22:01:55.300000,1.12931,1.12918,100000,100000
2016-04-17 22:01:55.789000,1.12931,1.12916,100000,450000
2016-04-17 22:01:55.891000,1.12931,1.12919,100000,100000
2016-04-17 22:01:56.195000,1.12931,1.12916,100000,6150000
2016-04-17 22:01:56.499000,1.12931,1.12918,100000,100000
2016-04-17 22:01:56.921000,1.12931,1.12912,100000,1570000
2016-04-17 22:01:57.023000,1.12931,1.12914,100000,750000
2016-04-17 22:01:57.528000,1.12931,1.12917,100000,1870000
2016-04-17 22:01:57.934000,1.12931,1.12919,100000,100000
2016-04-17 22:01:58.137000,1.12931,1.12917,100000,1870000
2016-04-17 22:01:58.239000,1.12931,1.12920,100000,100000
2016-04-17 22:01:58.542000,1.12931,1.12917,100000,1570000
2016-04-17 22:01:58.827000,1.12931,1.12920,100000,100000
2016-04-17 22:01:59.233000,1.12931,1.12915,100000,100000
2016-04-17 22:01:59.284000,1.12931,1.12917,100000,1870000
2016-04-17 22:01:59.588000,1.12931,1.12919,100000,1570000
2016-04-17 22:01:59.740000,1.12931,1.12917,100000,100000
2016-04-17 22:02:00.045000,1.12930,1.12919,100000,100000
2016-04-17 22:02:00.484000,1.12930,1.12922,100000,370000
2016-04-17 22:02:00.788000,1.12932,1.12927,1500000,750000
2016-04-17 22:02:01.849000,1.12932,1.12928,2250000,750000
2016-04-17 22:02:02.624000,1.12932,1.12927,2250000,750000
2016-04-17 22:02:03.910000,1.12932,1.12926,2250000,3220000
2016-04-17 22:02:04.482000,1.12932,1.12928,2250000,750000
2016-04-17 22:02:04.999000,1.12932,1.12927,2250000,750000
2016-04-17 22:02:06.325000,1.12932,1.12926,2250000,2470000
2016-04-17 22:02:07.103000,1.12932,1.12927,2250000,750000
2016-04-17 22:02:10.961000,1.12932,1.12926,2250000,2470000
2016-04-17 22:02:12.434000,1.12932,1.12927,2250000,370000
2016-04-17 22:02:14.066000,1.12932,1.12926,2250000,2470000
2016-04-17 22:02:14.613000,1.12932,1.12927,2250000,370000
2016-04-17 22:02:15.258000,1.12932,1.12926,3000000,2850000
2016-04-17 22:02:16.922000,1.12932,1.12927,3000000,100000
2016-04-17 22:02:21.701000,1.12932,1.12926,3000000,2920000
2016-04-17 22:02:22.801000,1.12932,1.12927,3000000,370000
2016-04-17 22:02:25.959000,1.12937,1.12929,1350000,750000
2016-04-17 22:02:26.551000,1.12936,1.12929,370000,750000
2016-04-17 22:02:27.699000,1.12936,1.12932,750000,750000
2016-04-17 22:02:27.751000,1.12939,1.12931,1500000,750000
2016-04-17 22:02:27.802000,1.12942,1.12932,2020000,750000
2016-04-17 22:02:28.039000,1.12936,1.12932,750000,750000
2016-04-17 22:02:28.090000,1.12936,1.12930,750000,100000
2016-04-17 22:02:28.602000,1.12936,1.12929,750000,750000
2016-04-17 22:02:29.758000,1.12940,1.12929,1500000,820000
2016-04-17 22:02:29.910000,1.12942,1.12930,1120000,100000
2016-04-17 22:02:30.785000,1.12941,1.12930,100000,370000
2016-04-17 22:02:31.038000,1.12942,1.12932,1500000,750000
2016-04-17 22:02:31.343000,1.12942,1.12935,1500000,600000
2016-04-17 22:02:32.407000,1.12942,1.12934,1500000,1120000
2016-04-17 22:02:32.913000,1.12942,1.12935,1500000,370000
2016-04-17 22:02:33.514000,1.12942,1.12934,1500000,1120000
2016-04-17 22:02:34.047000,1.12942,1.12935,1500000,370000
2016-04-17 22:02:34.592000,1.12942,1.12934,1500000,1120000
2016-04-17 22:02:35.121000,1.12942,1.12935,600000,370000
2016-04-17 22:02:36.218000,1.12942,1.12934,600000,1120000
2016-04-17 22:02:36.761000,1.12943,1.12935,600000,370000
2016-04-17 22:02:37.282000,1.12943,1.12934,600000,370000
2016-04-17 22:02:37.823000,1.12943,1.12935,1500000,370000
2016-04-17 22:02:38.404000,1.12946,1.12936,370000,7500000
2016-04-17 22:02:38.506000,1.12948,1.12940,100000,370000
2016-04-17 22:02:38.933000,1.12950,1.12940,100000,370000
2016-04-17 22:02:39.136000,1.12948,1.12940,100000,370000
2016-04-17 22:02:39.643000,1.12947,1.12940,100000,370000
2016-04-17 22:02:39.694000,1.12950,1.12940,100000,370000
2016-04-17 22:02:43.343000,1.12951,1.12947,100000,2250000
2016-04-17 22:02:43.395000,1.12953,1.12947,3000000,2250000
2016-04-17 22:02:43.497000,1.12957,1.12949,750000,190000
2016-04-17 22:02:43.598000,1.12955,1.12947,750000,3750000
2016-04-17 22:02:43.701000,1.12955,1.12941,820000,1570000
2016-04-17 22:02:43.752000,1.12953,1.12941,100000,750000
2016-04-17 22:02:44.060000,1.12953,1.12943,100000,790000
2016-04-17 22:02:44.331000,1.12952,1.12941,100000,100000
2016-04-17 22:02:44.433000,1.12956,1.12943,100000,100000
2016-04-17 22:02:44.522000,1.12954,1.12942,100000,790000
2016-04-17 22:02:44.831000,1.12952,1.12942,100000,1390000
2016-04-17 22:02:45.034000,1.12952,1.12940,100000,450000
2016-04-17 22:02:45.587000,1.12951,1.12941,100000,940000
2016-04-17 22:02:46.089000,1.12951,1.12940,100000,370000
2016-04-17 22:02:46.590000,1.12951,1.12941,100000,940000
2016-04-17 22:02:47.746000,1.12951,1.12940,100000,370000
2016-04-17 22:02:48.153000,1.12949,1.12939,100000,100000
2016-04-17 22:02:48.255000,1.12949,1.12937,100000,600000
2016-04-17 22:02:48.407000,1.12947,1.12937,100000,600000
2016-04-17 22:02:49.718000,1.12948,1.12937,100000,600000
2016-04-17 22:02:50.444000,1.12947,1.12937,100000,600000
2016-04-17 22:02:52.131000,1.12947,1.12936,100000,940000
2016-04-17 22:02:54.847000,1.12947,1.12937,100000,600000
2016-04-17 22:02:55.365000,1.12948,1.12937,100000,600000
2016-04-17 22:02:55.871000,1.12947,1.12937,100000,600000
2016-04-17 22:02:56.415000,1.12949,1.12937,100000,600000
2016-04-17 22:02:56.913000,1.12950,1.12942,100000,150000
2016-04-17 22:02:56.964000,1.12952,1.12942,100000,150000
2016-04-17 22:02:57.066000,1.12950,1.12942,100000,600000
2016-04-17 22:02:57.167000,1.12953,1.12942,3070000,600000
2016-04-17 22:02:58.385000,1.12952,1.12942,100000,600000
2016-04-17 22:02:58.537000,1.12951,1.12936,100000,820000
2016-04-17 22:02:58.841000,1.12949,1.12935,100000,1050000
2016-04-17 22:02:59.362000,1.12949,1.12936,100000,970000
2016-04-17 22:02:59.869000,1.12948,1.12936,100000,970000
2016-04-17 22:03:00.419000,1.12948,1.12937,100000,600000
2016-04-17 22:03:00.939000,1.12950,1.12937,100000,600000
2016-04-17 22:03:01.041000,1.12952,1.12937,100000,600000
2016-04-17 22:03:01.142000,1.12950,1.12937,100000,600000
2016-04-17 22:03:01.497000,1.12947,1.12936,100000,970000
2016-04-17 22:03:01.548000,1.12947,1.12934,100000,100000
2016-04-17 22:03:01.845000,1.12947,1.12936,100000,820000
2016-04-17 22:03:01.947000,1.12945,1.12932,100000,670000
2016-04-17 22:03:02.049000,1.12949,1.12935,100000,100000
2016-04-17 22:03:02.151000,1.12943,1.12935,150000,100000
2016-04-17 22:03:02.567000,1.12943,1.12930,600000,1050000
2016-04-17 22:03:02.770000,1.12933,1.12930,1120000,100000
2016-04-17 22:03:02.901000,1.12939,1.12931,150000,370000
2016-04-17 22:03:02.952000,1.12943,1.12930,1120000,100000
2016-04-17 22:03:04.910000,1.12943,1.12931,1120000,370000
2016-04-17 22:03:05.516000,1.12943,1.12930,1120000,100000
2016-04-17 22:03:06.030000,1.12944,1.12930,1120000,450000
2016-04-17 22:03:06.954000,1.12943,1.12931,1120000,370000
2016-04-17 22:03:07.463000,1.12943,1.12930,1120000,450000
2016-04-17 22:03:08.728000,1.12933,1.12930,150000,450000
2016-04-17 22:03:09.443000,1.12933,1.12929,600000,100000
2016-04-17 22:03:09.495000,1.12933,1.12921,600000,150000
2016-04-17 22:03:10.008000,1.12933,1.12922,600000,100000
2016-04-17 22:03:10.517000,1.12933,1.12923,600000,100000
2016-04-17 22:03:10.619000,1.12933,1.12925,150000,100000
2016-04-17 22:03:10.771000,1.12937,1.12926,900000,100000
2016-04-17 22:03:11.039000,1.12937,1.12921,900000,150000
2016-04-17 22:03:11.242000,1.12937,1.12923,900000,100000
2016-04-17 22:03:11.751000,1.12937,1.12922,900000,100000
2016-04-17 22:03:12.055000,1.12937,1.12926,900000,1570000
2016-04-17 22:03:12.381000,1.12938,1.12930,1050000,1570000
2016-04-17 22:03:12.888000,1.12938,1.12932,1500000,1500000
2016-04-17 22:03:13.394000,1.12933,1.12928,600000,820000
2016-04-17 22:03:13.497000,1.12933,1.12925,600000,100000
2016-04-17 22:03:14.558000,1.12933,1.12928,600000,1120000
2016-04-17 22:03:15.071000,1.12933,1.12926,600000,4200000
2016-04-17 22:03:15.577000,1.12933,1.12929,600000,2620000
2016-04-17 22:03:15.781000,1.12938,1.12930,1500000,2250000
2016-04-17 22:03:16.394000,1.12938,1.12932,1500000,750000
2016-04-17 22:03:16.598000,1.12938,1.12929,1500000,750000
2016-04-17 22:03:17.513000,1.12941,1.12933,100000,100000
2016-04-17 22:03:17.852000,1.12943,1.12940,600000,190000
2016-04-17 22:03:18.207000,1.12943,1.12925,600000,1120000
2016-04-17 22:03:19.705000,1.12943,1.12926,600000,750000
2016-04-17 22:03:19.910000,1.12943,1.12929,600000,2620000
2016-04-17 22:03:20.113000,1.12943,1.12927,600000,750000
2016-04-17 22:03:20.410000,1.12943,1.12930,600000,370000
2016-04-17 22:03:20.512000,1.12943,1.12928,600000,1570000
2016-04-17 22:03:20.766000,1.12943,1.12926,600000,820000
2016-04-17 22:03:20.919000,1.12943,1.12928,600000,1500000
2016-04-17 22:03:21.226000,1.12943,1.12930,600000,370000
2016-04-17 22:03:21.328000,1.12943,1.12926,600000,820000
2016-04-17 22:03:21.617000,1.12943,1.12928,600000,1500000
2016-04-17 22:03:22.175000,1.12943,1.12926,600000,820000
2016-04-17 22:03:22.378000,1.12943,1.12928,600000,100000
2016-04-17 22:03:22.686000,1.12943,1.12930,600000,370000
2016-04-17 22:03:23.296000,1.12943,1.12927,450000,100000
2016-04-17 22:03:23.651000,1.12943,1.12929,600000,100000
2016-04-17 22:03:23.991000,1.12943,1.12926,600000,750000
2016-04-17 22:03:24.044000,1.12943,1.12928,600000,750000
2016-04-17 22:03:24.349000,1.12943,1.12930,600000,370000
2016-04-17 22:03:24.400000,1.12943,1.12925,600000,100000
2016-04-17 22:03:24.705000,1.12943,1.12928,600000,100000
2016-04-17 22:03:24.807000,1.12943,1.12925,600000,450000
2016-04-17 22:03:25.011000,1.12943,1.12928,600000,1570000
2016-04-17 22:03:25.427000,1.12943,1.12930,600000,370000
2016-04-17 22:03:25.630000,1.12943,1.12927,600000,1570000
2016-04-17 22:03:26.086000,1.12943,1.12929,450000,100000
2016-04-17 22:03:26.239000,1.12945,1.12930,100000,750000
2016-04-17 22:03:26.780000,1.12946,1.12931,100000,820000
2016-04-17 22:03:28.749000,1.12946,1.12930,100000,2700000
2016-04-17 22:03:29.003000,1.12937,1.12931,1120000,750000
2016-04-17 22:03:29.219000,1.12933,1.12923,600000,820000
2016-04-17 22:03:29.323000,1.12933,1.12921,600000,3150000
2016-04-17 22:03:29.425000,1.12933,1.12927,600000,100000
2016-04-17 22:03:29.527000,1.12940,1.12930,150000,100000
2016-04-17 22:03:29.628000,1.12938,1.12931,600000,370000
2016-04-17 22:03:30.848000,1.12938,1.12932,600000,100000
2016-04-17 22:03:32.215000,1.12938,1.12934,600000,1120000
2016-04-17 22:03:32.672000,1.12938,1.12931,600000,1500000
2016-04-17 22:03:32.774000,1.12938,1.12927,670000,100000
2016-04-17 22:03:34.807000,1.12938,1.12934,150000,1120000
2016-04-17 22:03:34.909000,1.12938,1.12932,150000,100000
2016-04-17 22:03:34.960000,1.12938,1.12934,600000,750000
2016-04-17 22:03:35.062000,1.12938,1.12932,600000,100000
2016-04-17 22:03:35.568000,1.12938,1.12931,600000,3450000
2016-04-17 22:03:36.354000,1.12938,1.12930,600000,100000
2016-04-17 22:03:37.431000,1.12938,1.12929,600000,1200000
2016-04-17 22:03:38.729000,1.12938,1.12930,450000,100000
2016-04-17 22:03:39.214000,1.12933,1.12928,150000,3070000
2016-04-17 22:03:39.721000,1.12933,1.12927,600000,2250000
2016-04-17 22:03:40.327000,1.12933,1.12928,600000,100000
2016-04-17 22:03:40.875000,1.12933,1.12929,450000,100000
2016-04-17 22:03:41.129000,1.12933,1.12927,820000,2320000
2016-04-17 22:03:41.417000,1.12933,1.12925,1500000,520000
2016-04-17 22:03:42.845000,1.12933,1.12926,1500000,1120000
2016-04-17 22:03:43.388000,1.12933,1.12927,1500000,370000
2016-04-17 22:03:45.204000,1.12933,1.12926,1500000,1870000
2016-04-17 22:03:48.092000,1.12933,1.12925,1500000,1870000
2016-04-17 22:03:51.673000,1.12933,1.12927,1270000,100000
2016-04-17 22:03:52.029000,1.12933,1.12929,450000,100000
2016-04-17 22:03:52.739000,1.12933,1.12928,450000,100000
2016-04-17 22:03:53.266000,1.12933,1.12929,600000,100000
2016-04-17 22:03:55.886000,1.12933,1.12928,600000,100000
2016-04-17 22:03:56.601000,1.12933,1.12929,600000,100000
2016-04-17 22:03:56.804000,1.12933,1.12927,600000,1570000
2016-04-17 22:03:57.328000,1.12933,1.12928,600000,100000
2016-04-17 22:03:59.132000,1.12933,1.12927,600000,1570000
2016-04-17 22:03:59.894000,1.12933,1.12928,600000,100000
2016-04-17 22:04:01.739000,1.12933,1.12929,600000,100000
2016-04-17 22:04:03.937000,1.12940,1.12927,1670000,1570000
2016-04-17 22:04:07.251000,1.12940,1.12927,1050000,1570000
2016-04-17 22:04:07.759000,1.12940,1.12927,1670000,1570000
2016-04-17 22:04:07.962000,1.12942,1.12927,1770000,1570000
2016-04-17 22:04:08.455000,1.12942,1.12927,1770000,1570000
2016-04-17 22:04:08.975000,1.12942,1.12927,1770000,1570000
2016-04-17 22:04:09.564000,1.12942,1.12927,1770000,1570000
2016-04-17 22:04:10.118000,1.12942,1.12927,1770000,1570000
2016-04-17 22:04:11.726000,1.12936,1.12927,1700000,1500000
2016-04-17 22:04:11.777000,1.12939,1.12925,2170000,1100000
2016-04-17 22:04:11.880000,1.12941,1.12926,1670000,2320000
2016-04-17 22:04:12.429000,1.12942,1.12927,1770000,1570000
2016-04-17 22:04:14.632000,1.12943,1.12927,1750000,1570000
2016-04-17 22:04:15.138000,1.12943,1.12927,1750000,1570000
2016-04-17 22:04:19.361000,1.12943,1.12927,2250000,1570000
2016-04-17 22:04:20.503000,1.12940,1.12926,2100000,1120000
2016-04-17 22:04:20.903000,1.12941,1.12926,2170000,4200000
2016-04-17 22:04:25.711000,1.12941,1.12925,2170000,4570000
2016-04-17 22:04:26.457000,1.12941,1.12925,2170000,4200000
2016-04-17 22:04:26.967000,1.12941,1.12925,2170000,4570000
2016-04-17 22:04:27.616000,1.12941,1.12925,2170000,4200000
2016-04-17 22:04:32.561000,1.12941,1.12926,2170000,4200000
2016-04-17 22:04:33.081000,1.12941,1.12926,2170000,4200000
2016-04-17 22:04:33.982000,1.12940,1.12925,1050000,1570000
2016-04-17 22:04:34.484000,1.12940,1.12922,1050000,2320000
2016-04-17 22:04:35.565000,1.12940,1.12922,1420000,2700000
2016-04-17 22:04:36.083000,1.12940,1.12923,1420000,1570000
2016-04-17 22:04:38.036000,1.12939,1.12920,2250000,3070000
2016-04-17 22:04:38.543000,1.12939,1.12920,2250000,3070000
2016-04-17 22:04:38.645000,1.12939,1.12922,2250000,1000000
2016-04-17 22:04:39.550000,1.12939,1.12921,2250000,1570000
2016-04-17 22:04:44.155000,1.12939,1.12920,2250000,2700000
2016-04-17 22:04:44.757000,1.12939,1.12920,2250000,2700000
2016-04-17 22:04:47.166000,1.12939,1.12920,2250000,1950000
2016-04-17 22:04:47.713000,1.12939,1.12920,2250000,1950000
2016-04-17 22:04:49.010000,1.12937,1.12919,2170000,2320000
2016-04-17 22:04:49.315000,1.12939,1.12920,1750000,2700000
2016-04-17 22:04:49.674000,1.12937,1.12919,2170000,2700000
2016-04-17 22:04:50.213000,1.12937,1.12919,2170000,2700000
2016-04-17 22:04:51.023000,1.12937,1.12919,2170000,2700000
2016-04-17 22:04:51.714000,1.12937,1.12919,2170000,2700000
2016-04-17 22:04:51.835000,1.12939,1.12923,2250000,1100000
2016-04-17 22:04:52.342000,1.12939,1.12920,2250000,2320000
2016-04-17 22:04:52.857000,1.12939,1.12923,2250000,1570000
2016-04-17 22:04:54.812000,1.12939,1.12920,2250000,1950000
2016-04-17 22:04:55.318000,1.12939,1.12920,2250000,2700000
2016-04-17 22:04:58.690000,1.12939,1.12921,1370000,2020000
2016-04-17 22:04:58.792000,1.12941,1.12929,2620000,2620000
2016-04-17 22:04:58.976000,1.12943,1.12927,2850000,1350000
2016-04-17 22:05:00.456000,1.12937,1.12928,1100000,2620000
2016-04-17 22:05:00.964000,1.12937,1.12921,1300000,1670000
2016-04-17 22:05:02.003000,1.12937,1.12921,1300000,1670000
2016-04-17 22:05:03.694000,1.12937,1.12924,1010000,1500000
2016-04-17 22:05:04.009000,1.12937,1.12922,1010000,1420000
2016-04-17 22:05:07.583000,1.12937,1.12922,1010000,1420000
2016-04-17 22:05:08.092000,1.12937,1.12922,1010000,1420000
2016-04-17 22:05:08.611000,1.12937,1.12922,1010000,1420000
2016-04-17 22:05:10.177000,1.12937,1.12922,1010000,1420000
2016-04-17 22:05:10.739000,1.12937,1.12922,1010000,1420000
2016-04-17 22:05:11.267000,1.12937,1.12922,1010000,1420000
2016-04-17 22:05:11.807000,1.12937,1.12922,1010000,1420000
2016-04-17 22:05:14.302000,1.12937,1.12922,1010000,1420000
2016-04-17 22:05:17.642000,1.12937,1.12922,1010000,5320000
2016-04-17 22:05:18.625000,1.12937,1.12922,1010000,5320000
2016-04-17 22:05:30.303000,1.12937,1.12922,1010000,5320000
2016-04-17 22:05:31.911000,1.12937,1.12922,1010000,5320000
2016-04-17 22:05:34.531000,1.12937,1.12922,1010000,4570000
2016-04-17 22:05:35.036000,1.12937,1.12925,1010000,2020000
2016-04-17 22:05:35.340000,1.12938,1.12919,2250000,1070000
2016-04-17 22:05:36.147000,1.12934,1.12918,2170000,1100000
2016-04-17 22:05:36.653000,1.12934,1.12919,2170000,2620000
2016-04-17 22:05:37.678000,1.12933,1.12917,1670000,2400000
2016-04-17 22:05:37.982000,1.12931,1.12913,1670000,1500000
2016-04-17 22:05:44.416000,1.12930,1.12912,1670000,1370000
2016-04-17 22:05:44.946000,1.12930,1.12912,1670000,1370000
2016-04-17 22:05:45.454000,1.12931,1.12908,1670000,1050000
2016-04-17 22:05:51.868000,1.12925,1.12914,1670000,1420000
2016-04-17 22:05:51.970000,1.12929,1.12916,2170000,1720000
2016-04-17 22:05:52.578000,1.12932,1.12910,2170000,1420000
2016-04-17 22:05:53.258000,1.12932,1.12912,2170000,1050000
2016-04-17 22:05:54.663000,1.12932,1.12912,2170000,1050000
2016-04-17 22:05:54.714000,1.12932,1.12912,2170000,1050000
2016-04-17 22:05:55.282000,1.12935,1.12912,4500000,1050000
2016-04-17 22:05:55.789000,1.12935,1.12912,3750000,1050000
2016-04-17 22:05:56.332000,1.12933,1.12920,1600000,1000000
2016-04-17 22:05:57.411000,1.12935,1.12913,4500000,1750000
2016-04-17 22:05:57.956000,1.12935,1.12915,5250000,1300000
2016-04-17 22:05:58.496000,1.12934,1.12919,1600000,1000000
2016-04-17 22:05:59.039000,1.12933,1.12920,1600000,1000000
2016-04-17 22:05:59.622000,1.12935,1.12914,3370000,1500000
2016-04-17 22:06:00.952000,1.12935,1.12916,3670000,1420000
2016-04-17 22:06:01.470000,1.12935,1.12916,3370000,1120000
2016-04-17 22:06:02.450000,1.12934,1.12914,1670000,1500000
2016-04-17 22:06:03.251000,1.12935,1.12915,4420000,1800000
2016-04-17 22:06:03.353000,1.12935,1.12915,4420000,1700000
2016-04-17 22:06:03.657000,1.12935,1.12918,3370000,4200000
2016-04-17 22:06:04.009000,1.12930,1.12918,1670000,4120000
2016-04-17 22:06:04.314000,1.12930,1.12918,1670000,1190000
2016-04-17 22:06:06.060000,1.12930,1.12914,1670000,1050000
2016-04-17 22:06:06.212000,1.12930,1.12915,1970000,1050000
2016-04-17 22:06:06.517000,1.12929,1.12912,1200000,1670000
2016-04-17 22:06:11.614000,1.12924,1.12914,1500000,2850000
2016-04-17 22:06:13.422000,1.12924,1.12917,1120000,1500000
2016-04-17 22:06:14.241000,1.12924,1.12918,1120000,3000000
2016-04-17 22:06:16.432000,1.12924,1.12918,1500000,1350000
2016-04-17 22:06:24.523000,1.12924,1.12918,1500000,1120000
2016-04-17 22:06:24.657000,1.12924,1.12914,1500000,2550000
2016-04-17 22:06:27.272000,1.12924,1.12918,1500000,1000000
2016-04-17 22:06:27.475000,1.12935,1.12922,1050000,1100000
2016-04-17 22:06:28.001000,1.12935,1.12922,1050000,1450000
2016-04-17 22:06:28.306000,1.12936,1.12922,1670000,3070000
2016-04-17 22:06:28.960000,1.12935,1.12922,1670000,3070000
2016-04-17 22:06:29.965000,1.12929,1.12922,1500000,1850000
2016-04-17 22:06:30.067000,1.12935,1.12922,1520000,2470000
2016-04-17 22:06:30.169000,1.12939,1.12934,2100000,1000000
2016-04-17 22:06:34.823000,1.12945,1.12926,2060000,4570000
2016-04-17 22:06:35.889000,1.12945,1.12929,1870000,1470000
2016-04-17 22:06:36.625000,1.12945,1.12929,2170000,1500000
2016-04-17 22:06:43.221000,1.12944,1.12929,1050000,1500000
2016-04-17 22:06:45.898000,1.12942,1.12929,1050000,1500000
2016-04-17 22:06:46.400000,1.12942,1.12929,1050000,1500000
2016-04-17 22:06:52.413000,1.12945,1.12929,1160000,1200000
2016-04-17 22:06:52.718000,1.12945,1.12931,2440000,1000000
2016-04-17 22:06:53.768000,1.12945,1.12931,1690000,1000000
2016-04-17 22:06:53.819000,1.12945,1.12932,1220000,1100000
2016-04-17 22:06:53.870000,1.12945,1.12933,1120000,1000000
2016-04-17 22:06:54.771000,1.12945,1.12932,1120000,1100000
2016-04-17 22:06:55.684000,1.12945,1.12932,1120000,1100000
2016-04-17 22:06:56.220000,1.12945,1.12933,1120000,1000000
2016-04-17 22:06:59.180000,1.12945,1.12934,1120000,1000000
2016-04-17 22:06:59.687000,1.12948,1.12933,8440000,1100000
2016-04-17 22:07:00.998000,1.12948,1.12934,5440000,1100000
2016-04-17 22:07:01.100000,1.12948,1.12934,5140000,1070000
2016-04-17 22:07:01.849000,1.12948,1.12934,1950000,1870000
2016-04-17 22:07:02.152000,1.12948,1.12934,1950000,1870000
2016-04-17 22:07:05.156000,1.12949,1.12934,1820000,1870000
2016-04-17 22:07:07.816000,1.12947,1.12934,1950000,1870000
2016-04-17 22:07:08.471000,1.12947,1.12934,1950000,1570000
2016-04-17 22:07:08.674000,1.12947,1.12934,1950000,1870000
2016-04-17 22:07:11.524000,1.12948,1.12934,4870000,1070000
2016-04-17 22:07:12.506000,1.12947,1.12934,1950000,1870000
2016-04-17 22:07:20.201000,1.12947,1.12934,1950000,1120000
2016-04-17 22:07:20.768000,1.12949,1.12934,3070000,1870000
2016-04-17 22:07:21.828000,1.12949,1.12933,3070000,1120000
2016-04-17 22:07:23.802000,1.12949,1.12934,3070000,1370000
2016-04-17 22:07:24.796000,1.12949,1.12934,3070000,1370000
2016-04-17 22:07:26.480000,1.12949,1.12934,3070000,1070000
2016-04-17 22:07:26.592000,1.12948,1.12934,1100000,1070000
2016-04-17 22:07:26.923000,1.12948,1.12933,1120000,1570000
2016-04-17 22:07:27.583000,1.12948,1.12932,1070000,2250000
2016-04-17 22:07:28.161000,1.12949,1.12933,3370000,1370000
2016-04-17 22:07:31.826000,1.12948,1.12933,3070000,1370000
2016-04-17 22:07:34.379000,1.12939,1.12933,1000000,1370000
2016-04-17 22:07:34.431000,1.12937,1.12932,1000000,1000000
2016-04-17 22:07:34.533000,1.12942,1.12929,1720000,2320000
2016-04-17 22:07:34.636000,1.12941,1.12924,1700000,1200000
2016-04-17 22:07:35.145000,1.12939,1.12922,1720000,6070000
2016-04-17 22:07:35.688000,1.12940,1.12925,2070000,2320000
2016-04-17 22:07:35.792000,1.12940,1.12925,1050000,2700000
2016-04-17 22:07:37.113000,1.12939,1.12921,1970000,3820000
2016-04-17 22:07:37.266000,1.12937,1.12921,1300000,2700000
2016-04-17 22:07:38.265000,1.12937,1.12921,1300000,3450000
2016-04-17 22:07:40.515000,1.12940,1.12921,5170000,1390000
2016-04-17 22:07:41.056000,1.12939,1.12921,1720000,2700000
2016-04-17 22:07:41.513000,1.12939,1.12920,2470000,1120000
2016-04-17 22:07:41.564000,1.12939,1.12920,3220000,1000000
2016-04-17 22:07:41.717000,1.12938,1.12919,2470000,1100000
2016-04-17 22:07:42.424000,1.12936,1.12918,2620000,3750000
2016-04-17 22:07:42.729000,1.12916,1.12912,1000000,1000000
2016-04-17 22:07:42.831000,1.12926,1.12907,1120000,1050000
2016-04-17 22:07:42.933000,1.12929,1.12916,8700000,1000000
2016-04-17 22:07:43.212000,1.12928,1.12912,1370000,1000000
2016-04-17 22:07:43.263000,1.12928,1.12915,1370000,1000000
2016-04-17 22:07:43.365000,1.12928,1.12915,1500000,2250000
2016-04-17 22:07:43.467000,1.12929,1.12915,1370000,3000000
2016-04-17 22:07:43.771000,1.12929,1.12917,2620000,1000000
2016-04-17 22:07:44.076000,1.12930,1.12917,4500000,1000000
2016-04-17 22:07:44.527000,1.12930,1.12915,2620000,3000000
2016-04-17 22:07:44.781000,1.12929,1.12917,1370000,1000000
2016-04-17 22:07:45.288000,1.12929,1.12918,1370000,1000000
2016-04-17 22:07:45.806000,1.12929,1.12918,1370000,1000000
2016-04-17 22:07:46.161000,1.12929,1.12918,1370000,1370000
2016-04-17 22:07:46.263000,1.12930,1.12915,1750000,1550000
2016-04-17 22:07:46.416000,1.12932,1.12917,4500000,1870000
2016-04-17 22:07:46.467000,1.12925,1.12917,1120000,1500000
2016-04-17 22:07:46.621000,1.12925,1.12915,1500000,1090000
2016-04-17 22:07:47.154000,1.12927,1.12914,1370000,1300000
2016-04-17 22:07:47.662000,1.12929,1.12915,1370000,1000000
2016-04-17 22:07:47.765000,1.12929,1.12913,1370000,1200000
2016-04-17 22:07:48.653000,1.12929,1.12913,1370000,1650000
2016-04-17 22:07:49.160000,1.12930,1.12914,2250000,1000000
2016-04-17 22:07:49.312000,1.12922,1.12913,1500000,1200000
2016-04-17 22:07:49.642000,1.12922,1.12907,2620000,1350000
2016-04-17 22:07:49.946000,1.12919,1.12910,1370000,1200000
2016-04-17 22:07:50.150000,1.12919,1.12910,1120000,1200000
2016-04-17 22:07:50.252000,1.12921,1.12906,1100000,1520000
2016-04-17 22:07:50.720000,1.12926,1.12907,1500000,1100000
2016-04-17 22:07:50.772000,1.12926,1.12910,1500000,1000000
2016-04-17 22:07:51.079000,1.12929,1.12913,2700000,1670000
2016-04-17 22:07:51.960000,1.12929,1.12911,3070000,1770000
2016-04-17 22:07:52.958000,1.12929,1.12911,2700000,1770000
2016-04-17 22:07:53.262000,1.12929,1.12913,1470000,1500000
2016-04-17 22:07:53.451000,1.12929,1.12913,2700000,1500000
2016-04-17 22:07:56.975000,1.12927,1.12913,2250000,1000000
2016-04-17 22:07:57.081000,1.12927,1.12913,2250000,1000000
2016-04-17 22:07:57.410000,1.12927,1.12913,2250000,1150000
2016-04-17 22:08:02.899000,1.12929,1.12911,2320000,1770000
2016-04-17 22:08:03.894000,1.12929,1.12910,1950000,1800000
2016-04-17 22:08:03.996000,1.12929,1.12911,2320000,1750000
2016-04-17 22:08:04.958000,1.12929,1.12911,2700000,1800000
2016-04-17 22:08:06.961000,1.12929,1.12911,1570000,1050000
2016-04-17 22:08:07.784000,1.12929,1.12912,2700000,1770000
2016-04-17 22:08:09.009000,1.12929,1.12911,2700000,1990000
2016-04-17 22:08:09.562000,1.12929,1.12911,2700000,1800000
2016-04-17 22:08:10.109000,1.12929,1.12913,2700000,1000000
2016-04-17 22:08:10.612000,1.12929,1.12911,2700000,1420000
2016-04-17 22:08:10.663000,1.12929,1.12911,2700000,1420000
2016-04-17 22:08:11.765000,1.12929,1.12910,4950000,1720000
2016-04-17 22:08:12.046000,1.12929,1.12911,4950000,1220000
2016-04-17 22:08:12.097000,1.12929,1.12911,2320000,1800000
2016-04-17 22:08:14.073000,1.12929,1.12912,4200000,1690000
2016-04-17 22:08:15.076000,1.12929,1.12911,2700000,1940000
2016-04-17 22:08:19.385000,1.12925,1.12912,1000000,1770000
2016-04-17 22:08:19.914000,1.12925,1.12915,1070000,1600000
2016-04-17 22:08:20.603000,1.12926,1.12915,1120000,1600000
2016-04-17 22:08:22.116000,1.12927,1.12915,2250000,1350000
2016-04-17 22:08:22.624000,1.12926,1.12915,2250000,1600000
2016-04-17 22:08:22.725000,1.12926,1.12915,2620000,1600000
2016-04-17 22:08:23.664000,1.12926,1.12915,2620000,1350000
2016-04-17 22:08:24.698000,1.12928,1.12915,2250000,1350000
2016-04-17 22:08:25.245000,1.12928,1.12914,2250000,1600000
2016-04-17 22:08:26.522000,1.12928,1.12915,2250000,1650000
2016-04-17 22:08:30.818000,1.12928,1.12915,2250000,1600000
2016-04-17 22:08:30.919000,1.12928,1.12915,2250000,1600000
2016-04-17 22:08:32.128000,1.12928,1.12912,2250000,1010000
2016-04-17 22:08:33.757000,1.12926,1.12913,1120000,1250000
2016-04-17 22:08:34.421000,1.12928,1.12913,2250000,1250000
2016-04-17 22:08:34.949000,1.12926,1.12913,1120000,1250000
2016-04-17 22:08:37.470000,1.12927,1.12914,1120000,1000000
2016-04-17 22:08:37.976000,1.12927,1.12913,1120000,1000000
2016-04-17 22:08:39.603000,1.12927,1.12913,1120000,1010000
2016-04-17 22:08:39.705000,1.12927,1.12912,1120000,1070000
2016-04-17 22:08:42.198000,1.12929,1.12914,4950000,1120000
2016-04-17 22:08:42.401000,1.12929,1.12914,4950000,1010000
2016-04-17 22:08:42.452000,1.12925,1.12914,1000000,1010000
2016-04-17 22:08:42.554000,1.12929,1.12917,5320000,1000000
2016-04-17 22:08:44.513000,1.12929,1.12917,4570000,1000000
2016-04-17 22:08:45.025000,1.12929,1.12916,4500000,1000000
2016-04-17 22:08:45.554000,1.12929,1.12917,2320000,1000000
2016-04-17 22:08:45.656000,1.12929,1.12917,1950000,1000000
2016-04-17 22:08:45.860000,1.12929,1.12920,1870000,1000000
2016-04-17 22:08:48.046000,1.12929,1.12920,1870000,1000000
2016-04-17 22:08:48.552000,1.12930,1.12916,1650000,1650000
2016-04-17 22:08:49.062000,1.12930,1.12916,1420000,2400000
2016-04-17 22:08:49.165000,1.12930,1.12916,1420000,2400000
2016-04-17 22:08:50.422000,1.12930,1.12916,1670000,2400000
2016-04-17 22:08:51.011000,1.12929,1.12915,1570000,3710000
2016-04-17 22:08:51.624000,1.12930,1.12918,1800000,1070000
2016-04-17 22:08:52.401000,1.12930,1.12920,1720000,1070000
2016-04-17 22:08:54.328000,1.12931,1.12921,3000000,2250000
2016-04-17 22:08:54.836000,1.12931,1.12922,3070000,1000000
2016-04-17 22:08:55.556000,1.12931,1.12922,3070000,1000000
2016-04-17 22:08:57.339000,1.12931,1.12921,2620000,1100000
2016-04-17 22:08:57.925000,1.12931,1.12922,2620000,1000000
2016-04-17 22:08:58.347000,1.12931,1.12920,5620000,2700000
2016-04-17 22:08:58.449000,1.12929,1.12920,1870000,1100000
2016-04-17 22:08:59.547000,1.12929,1.12920,2620000,1100000
2016-04-17 22:09:00.054000,1.12929,1.12921,1870000,1500000
2016-04-17 22:09:00.653000,1.12929,1.12921,1000000,1500000
2016-04-17 22:09:01.193000,1.12929,1.12921,1370000,2250000
2016-04-17 22:09:01.244000,1.12930,1.12921,1000000,2250000
2016-04-17 22:09:01.498000,1.12931,1.12922,1870000,1070000
2016-04-17 22:09:02.023000,1.12931,1.12921,1870000,2320000
2016-04-17 22:09:02.480000,1.12932,1.12920,2400000,3150000
2016-04-17 22:09:02.582000,1.12932,1.12923,1200000,1650000
2016-04-17 22:09:02.887000,1.12933,1.12926,1870000,1000000
2016-04-17 22:09:03.285000,1.12940,1.12933,1120000,1000000
2016-04-17 22:09:03.642000,1.12940,1.12935,1870000,1000000
2016-04-17 22:09:03.745000,1.12941,1.12928,1800000,2320000
2016-04-17 22:09:03.847000,1.12940,1.12932,1550000,1870000
2016-04-17 22:09:04.152000,1.12948,1.12936,2250000,3070000
2016-04-17 22:09:04.581000,1.12945,1.12936,1820000,2250000
2016-04-17 22:09:04.734000,1.12943,1.12936,1600000,1000000
2016-04-17 22:09:04.836000,1.12947,1.12933,1050000,1000000
2016-04-17 22:09:06.699000,1.12947,1.12934,2170000,1500000
2016-04-17 22:09:06.953000,1.12947,1.12932,1800000,2250000
